2572 4410
644 308 685 372 63

142 492 282 577 vilegium
299 492 447 558 fidelibus
462 491 694 569 commendare,
711 498 749 556 ut
764 513 828 557 una
848 491 1014 557 nobiseum
1029 493 1064 557 in
1078 495 1183 560 verbis

137 597 255 660 concilii
269 596 479 680 profiteantur
495 600 512 628 “
519 597 700 660 Romanum
709 596 898 660 Pontificem
905 616 978 659 oum
987 617 1027 659 ex
1034 597 1184 663 cathedra

135 700 154 739 “
164 699 318 783 loquitur,
334 700 369 764 id
384 706 434 764 est
456 721 529 764 curn
552 699 697 763 omnium
713 698 967 763 Christianorum
990 701 1127 782 pastoris
1149 706 1183 765 et

133 802 303 867 “doctoris
318 823 451 867 munere
464 805 603 885 fungens
617 823 675 886 pro
691 822 839 884 suprema
854 822 913 866 sua
927 802 1098 883 apostolica
1109 823 1181 867 auc·

131 907 291 970 “toritate
301 904 480 971 doctrinam
496 905 535 970 de
544 905 606 969 fide
620 904 671 969 vel
686 905 827 969 moribus
836 905 875 968 ab
889 905 1038 968 universa
1052 904 1184 970 ecclesia

130 1009 338 1073 “tenendam
353 1009 475 1085 definit,
492 1030 548 1093 per
564 1009 779 1072 assistentiam
794 1008 933 1071 divinam
948 1009 1011 1092 ipsi
1025 1008 1060 1071 in
1081 1009 1182 1073 Beato

129 1113 260 1178 “Petro
281 1115 474 1197 promissam
496 1135 533 1177 ea
554 1111 781 1176 infallibilitate
806 1113 935 1197 pollere,
959 1135 1022 1196 qua
1043 1113 1182 1177 Divinus

127 1216 356 1299 “Redemptor
370 1216 536 1281 ecclesiam
553 1237 644 1280 suam
659 1217 695 1279 in
713 1215 894 1279 definienda
908 1216 1051 1280 doctrina
1065 1217 1103 1280 de
1118 1215 1181 1281 fide

127 1320 148 1350 “
161 1321 213 1382 vel
243 1320 386 1384 moribus
412 1321 604 1384 instructam
629 1340 699 1384 esse
726 1319 837 1396 voluit,
861 1318 995 1402 ideoque
1023 1320 1182 1403 ejusmodi

127 1423 149 1454 “
161 1421 304 1486 Romani
316 1424 482 1487 Pontificis
492 1423 692 1506 definitiones
707 1443 746 1486 ex
760 1442 842 1502 sese,
853 1443 918 1490 nou
929 1428 1038 1486 autem
1052 1443 1092 1486 ex
1107 1443 1180 1487 con·

126 1527 148 1557 ‘⁴
161 1546 262 1589 sensu
277 1525 435 1603 ecclesiae,
452 1526 695 1590 irreformabiles
713 1526 818 1590 esse.”

169 1628 202 1692 8.
230 1628 291 1692 (lui
312 1628 491 1712 dogmatico
518 1628 644 1693 decreto
672 1630 838 1713 subjungit
862 1629 1042 1694 Concilium
1055 1629 1180 1693 :-“si

127 1732 148 1762 “
159 1732 235 1815 quis
246 1738 354 1795 autern
362 1732 437 1796 huic
448 1738 574 1796 nostrae
583 1732 763 1796 definitioni
771 1732 1082 1815 contradicere,quod
1091 1733 1180 1797 Deus

126 1836 291 1911 “avertat,
313 1837 570 1919 praesumpserit,
587 1835 756 1899 anathema
776 1833 850 1900 sit.'’
894 1836 936 1899 Vi
955 1856 1090 1918 quorum
1111 1857 1179 1900 ver-

123 1935 241 2000 borum
265 1944 383 2001 sectam
413 1959 527 2001 novam
550 1937 640 2001 illam
667 1939 848 2022 quaedum
874 1938 1020 2001 Vaticani
1045 1938 1180 2002 (11111111

123 2041 346 2104 auctoritatem
360 2048 393 2104 et
409 2041 535 2104 Summi
549 2042 715 2104 Pontificis
728 2040 987 2104 infallibilitatem
998 2042 1179 2124 impugnat,

123 2149 161 2206 ut
175 2144 288 2206 fucum
302 2145 461 2228 imperitis
476 2144 571 2207 faeiat
593 2156 709 2226 eosque
724 2144 868 2226 decipiat,
893 2145 1022 2206 nominc
1037 2149 1179 2207 veterum

123 2245 363 2310 Catholicorum
388 2267 422 2310 11
440 2248 549 2329 jactat,
576 2253 608 2310 et
637 2246 797 2310 infallibili
819 2247 955 2311 Consilii
978 2247 1179 2309 OEoumenici

118 2349 242 2432 judicio
257 2370 354 2412 vanae
370 2350 520 2413 scientiae
532 2351 684 2433 figmenta
696 2350 829 2433 superbe
840 2351 982 2433 opponit,
996 2351 1178 2413 damnatam

121 2457 154 2514 11
169 2453 256 2516 inter
270 2452 444 2516 haereticas
460 2453 691 2515 amandandum
706 2474 776 2516 esse
796 2453 992 2536 exploratum
1008 2458 1067 2516 est.

166 2557 200 2618 9.
226 2555 385 2631 Quoniam
406 2577 479 2618 vero
494 2556 590 2619 istius
606 2562 708 2619 sectae
723 2557 859 2620 asseclae
880 2557 1093 2639 praetendunt
1118 2555 1178 2619 hoc

121 2658 257 2722 articulo
270 2659 345 2721 fidei
356 2659 518 2722 condendo
530 2659 734 2722 immutatam
743 2680 813 2723 esse
824 2659 985 2722 Ecclesiae
1000 2659 1107 2734 fidem,
1121 2659 1177 2722 abs

120 2780 157 2824 re
172 2781 238 2824 non
254 2762 315 2825 erit
324 2762 573 2824 animadvertere
589 2762 623 2824 in
645 2762 832 2845 hujusmodi
843 2762 1082 2825 definitionibus
1103 2783 1175 2844 pro·

119 2864 279 2946 ponendis
290 2863 373 2926 nihil
383 2865 418 2927 in
430 2864 500 2947 ipso
511 2864 586 2928 fidei
598 2865 740 2947 deposito
751 2864 907 2928 aGhristo
916 2865 1055 2928 Domino
1066 2870 1176 2928 nostro

118 2966 286 3031 Ecclesiae
303 2965 386 3032 Suae
398 2968 576 3031 concredito
591 2969 746 3031 innovari.
806 2968 931 3031 Veritas
957 2968 1026 3050 ipsa
1046 2967 1176 3031 definita

119 3090 247 3153 semper
272 3070 306 3132 in
333 3070 476 3153 deposito
498 3070 572 3133 fidei
594 3070 824 3148 continebatur,
841 3077 873 3134 et
894 3070 977 3133 nihil
999 3070 1085 3134 aliud
1108 3071 1174 3153 agIt

118 3172 268 3235 Ecclesia
282 3193 378 3256 quam
393 3178 440 3248 ut,
458 3193 568 3254 graves
591 3174 630 3237 ob
645 3174 795 3251 rationes,
819 3174 997 3237 doctrinam
1019 3174 1058 3237 ab
1080 3173 1174 3235 initio

117 3275 291 3338 revelatam
313 3281 345 3339 11
371 3297 390 3338 a
409 3273 677 3340 christifidelibus
700 3277 813 3362 saltem
834 3277 988 3360 implicite
1010 3275 1170 3348 creditam,

116 3377 306 3441 solemniter
328 3362 464 3441 declaret
499 3384 531 3442 et
558 3379 705 3462 explicite
730 3381 765 3443 in
788 3387 953 3464 posterum
982 3378 1170 3442 credendam

138 3502 173 3543 ro
196 3487 280 3544 enat.

113 3501 214 3646 pil).
240 3583 477 3647 catholicorum
506 3584 572 3648 veri
601 3587 742 3650 nominis
772 3594 822 3652 est
851 3588 947 3659 fidem
976 3585 1099 3668 integre
1136 3588 1169 3647 et

114 3686 311 3749 confidenter
324 3693 430 3750 tenere
446 3693 478 3750 et
494 3709 567 3750 cum
579 3709 659 3771 opus
675 3696 724 3753 111
737 3692 888 3773 profiteri,
902 3690 1041 3772 adeoque
1056 3707 1166 3750 eorum

114 3789 298 3872 exemplum
313 3791 430 3853 evitare
445 3792 498 3873 qui
517 3797 554 3854 ut
570 3792 753 3857 acatholicis
769 3800 801 3858 et
819 3792 991 3857 incredulis
1009 3791 1164 3874 placeant,

114 3891 261 3957 liberales
284 3892 455 3957 catholicos
472 3915 505 3958 ee
520 3901 645 3959 vocant.
691 3897 738 3960 Hi
763 3898 919 3973 nimirum
943 3894 1164 3978 magisterium
