2572 4410
627 304 669 372 9?

118 483 325 549 refovendam
339 493 373 550 et
387 489 522 571 gratiam
539 487 677 571 Spiritus
694 486 801 550 Sancti
816 487 1068 551 resuscitandam
1082 508 1171 571 prae·

117 586 306 669 cipiendum
317 589 510 671 judicamus,
527 589 677 653 Parochis
692 594 725 652 et
747 589 1000 671 Cocdjutoribus,
1014 593 1107 653 annis
1122 591 1171 655 val

118 690 273 772 singulis,
304 693 354 756 vel
388 694 502 757 saltem
537 694 678 769 alternis,
710 695 744 757 in
775 714 935 756 secessum
973 695 1171 777 spiritualem

116 795 301 869 convenire,
317 795 373 858 ubi
388 797 543 861 adrerum
552 804 751 861 aeternarum
761 797 1011 873 meditationem,
1025 798 1171 861 advitam

113 895 258 976 priorem
269 898 551 973 emendandam,et
560 900 785 981 perfectionem
794 899 1037 981 promovendam
1047 901 1171 964 animos

114 998 230 1063 sedulo
261 1001 441 1065 intendant.
497 1002 674 1066 Hortamur
700 1003 797 1065 etiam
828 1004 862 1065 in
890 1004 1028 1067 Domino
1056 1025 1167 1067 omnes

48 1174 51 1179 ,
114 1101 365 1180 ecclesiasticos,
383 1107 573 1188 praesertim
590 1106 775 1169 Sacerdotes
789 1112 825 1169 ut
839 1113 965 1189 peccata
985 1129 1052 1183 sua,
1074 1109 1170 1171 etiam

114 1212 259 1295 qualibet
269 1212 476 1291 hebdomada,
498 1216 708 1279 confiteantur
723 1214 849 1297 quando
865 1215 934 1277 sine
949 1216 1036 1298 gravi
1050 1216 1170 1279 incom-

116 1315 214 1378 modo
228 1314 262 1377 id
284 1316 353 1378 fieri
367 1318 495 1398 poterit.

163 1421 239 1484 133.
254 1421 301 1482 Et
310 1422 460 1504 quoniam
469 1444 505 1485 ea
517 1443 597 1506 quae
606 1423 640 1484 in
650 1420 767 1485 scholis
778 1421 965 1497 didicerunt,
972 1443 1011 1484 ex
1020 1424 1172 1485 memoria

116 1523 210 1586 facile
232 1524 393 1601 excidunt,
410 1527 474 1588 nisi
499 1546 561 1588 usu
587 1526 746 1588 constanti
767 1524 955 1600 recolantur,
982 1526 1052 1589 ideo
1078 1526 1171 1590 colla·

116 1631 225 1693 tiones
240 1629 434 1712 theologicas
450 1630 563 1693 saltem
586 1635 707 1713 quater,
720 1631 813 1712 juxta
835 1629 1097 1693 consuetudinem
1119 1627 1172 1690 hic

116 1732 238 1813 ubique
252 1731 423 1814 vigentem,
441 1731 577 1815 singulis
592 1732 686 1794 annis
707 1730 892 1794 indicendas
914 1731 1120 1806 consulimus,
1137 1731 1171 1795 in

117 1832 236 1917 quibus
251 1833 291 1895 de
305 1833 349 1912 iis¹
362 1834 601 1916 quaestionibus
624 1838 775 1896 tractetur
790 1853 869 1915 quac
885 1832 924 1895 ad
939 1833 1062 1915 praxim
1084 1852 1173 1914 prac-

117 1937 212 2019 cipue
240 1937 412 2019 pcrtinent.
458 1937 529 1999 Illis
566 1936 788 2000 collationibus
825 1943 895 1999 tum
931 1936 1068 2018 parochi,
1100 1942 1171 1998 tum

117 2039 327 2121 coadjutores,
344 2046 415 2102 tum
431 2040 529 2102 ctiam
544 2039 707 2122 regulares
728 2037 917 2121 respondere
936 2039 1038 2121 parati
1061 2037 1171 2100 edesse

118 2149 311 2206 tencantur:
335 2163 393 2206 nec
409 2143 516 2206 studio
531 2143 727 2226 disputandi,
746 2144 810 2205 sive
826 2143 1028 2224 quaestiones
1039 2142 1171 2205 inutiles

119 2255 175 2310 aut
190 2269 289 2312 vanos
305 2269 467 2312 sermones
481 2249 731 2321 intermiscendi,
749 2249 897 2311 exercitia
911 2248 1088 2330 theologiae
1104 2255 1171 2312 tam

119 2354 284 2416 fructuosa
298 2352 481 2435 perturbare
497 2353 592 2416 alicui
607 2354 820 2435 permittatur.

165 2456 241 2518 134.
264 2455 413 2518 Lectioni
439 2460 601 2537 praeterea
623 2455 799 2532 attendant,
827 2460 860 2517 et
883 2452 1111 2537 supellectilem
1133 2454 1171 2517 li·
1282 2539 1284 2544 A

119 2557 253 2621 brorum
287 2556 572 2620 ecclesiasticorum
609 2557 670 2620 sibi
700 2563 904 2640 comparent;
942 2559 1063 2621 saltem
1086 2579 1173 2621 sacra

119 2661 238 2736 Biblia,
256 2664 288 2723 et
316 2680 418 2723 unum
448 2661 609 2742 integrum
641 2660 831 2742 Theologiac
862 2681 1000 2738 cursum,
1027 2661 1172 2747 Oenones

120 2764 258 2828 Concilii
289 2764 479 2839 Tridentini,
520 2763 757 2826 Catechismum
794 2764 986 2849 Romanum,
1019 2771 1051 2828 et
1088 2766 1171 2829 vitas

122 2869 312 2932 Sanctorum
327 2868 464 2931 habeant
480 2874 512 2931 et
528 2869 655 2931 assidue
670 2874 806 2932 versent.

167 2975 243 3037 135.
267 2973 445 3035 Hortamur
458 2993 530 3036 vero
542 2993 654 3035 omnes
668 2971 852 3035 Sacerdotes
867 2978 904 3035 ut
919 2973 1038 3037 alibris
1048 2995 1171 3037 roman·

120 3075 196 3138 ticis
222 3073 356 3158 aliisque
381 3075 436 3157 qui
466 3073 505 3136 ad
534 3074 699 3156 passiones
729 3073 973 3138 inflammandas
1003 3075 1174 3157 conscripti

122 3181 213 3252 sunt,
231 3197 289 3238 nec
303 3196 367 3238 non
384 3197 402 3239 a
417 3175 507 3238 libris
523 3176 640 3258 quibus
662 3175 773 3257 religio
796 3175 935 3239 ludibrio
957 3178 1100 3252 vertitur,
1118 3183 1173 3240 aut

120 3280 158 3341 in
174 3277 464 3361 quibusdoctrinae
479 3277 672 3360 periculosae
694 3277 846 3341 insidiose
869 3284 901 3341 et
922 3278 1058 3343 latenter
1072 3280 1173 3342 incul-

122 3387 249 3456 cantur,
266 3380 397 3443 omnino
420 3378 611 3443 abstineant.

170 3485 243 3548 136.
267 3483 458 3566 Presbyteri,
477 3488 607 3565 excepto
623 3503 698 3545 casn
713 3483 924 3558 necessitatis,
941 3504 1010 3547 sese
1025 3484 1059 3546 in
1076 3489 1173 3546 testa-

121 3589 243 3652 mentis
272 3587 477 3650 conficiendis
507 3607 571 3649 nou
609 3587 822 3661 immisceant,
853 3607 955 3669 neque
991 3588 1172 3651 inconsulto

121 3691 281 3773 Episcopo
305 3710 375 3752 sese
397 3690 551 3753 constitui
574 3689 682 3751 sinant
705 3695 888 3752 executores
909 3694 1174 3753 testamentorum

121 3795 288 3870 laicorum,
316 3814 419 3876 neque
445 3794 479 3856 in
506 3791 602 3856 rebus
627 3793 818 3874 pecuniariis
843 3798 898 3855 aut
927 3793 961 3856 in
991 3795 1175 3857 executione

123 3917 386 3980 quorumcunque
400 3900 621 3960 contractuum
638 3915 672 3957 se
688 3895 782 3958 vades
798 3894 932 3958 aliorum
948 3898 1158 3962 constituant.
