2572 4410
680 371 744 436 124

181 569 324 612 exercere
337 554 486 631 possunt,
510 547 576 611 nisi
596 545 649 610 lex
670 546 777 629 aliqua
798 544 949 608 canonica
970 541 1087 606 obstet.
1150 541 1236 605 Cum

180 671 252 714 vero
274 652 309 714 in
331 651 390 713 hac
412 651 540 734 regione
562 669 673 712 omnes
695 649 815 711 formae
836 647 871 708 in
890 647 963 729 jure
979 644 1129 708 canonico
1145 665 1237 726 prae·

180 754 316 837 scriptae
330 775 385 836 pro
397 753 528 836 judiciis
539 751 762 816 ecclesiasticis
772 754 933 832 nequeant
942 747 1110 822 observari,
1123 745 1238 809 habita

177 857 260 940 legis
282 857 385 920 civilis
400 857 532 933 ratione,
548 855 723 918 cavendum
753 860 790 916 ut
816 853 931 916 saltem
957 873 994 915 ea
1019 851 1127 914 omnia
1154 851 1237 914 fiant

178 978 259 1041 quae
270 957 310 1020 ad
321 959 487 1021 veritatem
495 955 718 1020 inveniendam
730 961 763 1018 et
772 954 812 1017 ad
822 957 945 1037 justam
956 954 1002 1016 rei
1013 952 1237 1016 defensionem

177 1060 356 1122 necessaria
383 1056 484 1122 sunt.1
544 1059 614 1134 Qua
635 1057 674 1120 de
696 1078 730 1119 re
753 1057 788 1119 in
814 1053 952 1138 Synodis
978 1052 1236 1118 Provincialibus

178 1161 288 1225 sedulo
304 1161 466 1245 agendum
482 1162 553 1225 erit.

220 1265 295 1327 262.
316 1266 414 1329 Porro
441 1265 594 1348 Episcopi
617 1263 772 1327 Tribunal
794 1262 834 1326 ad
856 1282 1015 1326 canonum
1037 1282 1184 1325 normam
1201 1269 1237 1325 et

171 1366 267 1447 juxta
282 1366 469 1429 Tridentina
478 1366 604 1429 decreta
612 1367 646 1428 in
659 1366 764 1428 causis
776 1365 1010 1439 ecclesiasticis,
1023 1384 1103 1446 quae
1115 1385 1236 1446 nempe

175 1467 283 1543 fidem,
301 1466 508 1546 sacramenta,
533 1490 637 1532 sacras
652 1470 833 1532 functiones
848 1489 972 1532 necnon
989 1468 1089 1531 officia
1104 1474 1139 1531 et
1159 1470 1235 1550 jura

176 1592 263 1634 sacro
286 1573 464 1636 ministerio
494 1573 616 1635 adnexa
645 1572 831 1654 respiciunt,
857 1572 1051 1634 sententiam
1075 1569 1165 1646 dicit,
1200 1577 1235 1633 et

175 1672 333 1755 ejusmodi
349 1694 461 1737 causas
476 1673 517 1737 ad
530 1672 672 1736 tribunal
685 1671 795 1735 laicale
810 1669 930 1735 deferre
944 1692 1010 1733 non
1024 1671 1109 1734 ficet

219 1774 291 1837 263.
314 1774 402 1837 Hinc
417 1775 585 1858 appellatio
601 1773 761 1857 quaelibet
776 1773 816 1837 ad
836 1772 981 1836 tribunal
994 1772 1105 1836 laicale
1121 1792 1142 1836 a
1158 1792 1231 1837 sen-

174 1877 278 1940 tentia
301 1878 336 1941 in
361 1878 413 1940 his
440 1878 547 1941 causis
571 1877 610 1939 ab
636 1877 797 1959 Episcopo
821 1876 904 1952 lata‚'
914 1895 1041 1940 necnon
1057 1876 1231 1960 appellatio

174 1996 258 2061 quae
274 1977 392 2042 dicitur
406 1977 445 2042 ab
460 1978 577 2054 abusu,
595 1977 716 2041 seilicet
730 1998 804 2040 cum
826 1978 898 2060 quis
921 1975 981 2040 sub
1003 1998 1041 2041 eo
1062 1983 1231 2060 praetextu

174 2079 259 2162 qnod
269 2080 421 2163 Episcopi
427 2079 601 2164 judicando
613 2098 671 2142 sua
681 2084 838 2162 potestate
853 2078 945 2142 abusi
959 2078 1037 2156 sint,
1050 2079 1091 2142 ad
1101 2079 1229 2163 judices

175 2183 349 2246 saeculares
364 2184 538 2266 confugiat,
555 2189 604 2247 est
618 2183 748 2246 omnino
763 2181 970 2265 reprobanda.

218 2286 293 2347 264.
319 2286 354 2347 Si
376 2286 449 2367 quis
472 2306 544 2348 vero
574 2284 819 2348 Ecclesiasticus
849 2285 883 2347 in
913 2283 1099 2368 hujusmodi
1124 2286 1230 2350 causis

175 2387 396 2450 ecclesiasticis
410 2386 503 2449 litem
517 2387 552 2448 in
567 2385 781 2449 tribunalibus
803 2386 956 2453 instituat
978 2393 1034 2450 aut
1057 2386 1097 2449 ad
1121 2387 1232 2451 eadem

174 2496 325 2566 recurrat,
357 2496 413 2553 aut
438 2490 574 2571 appellet
604 2496 714 2552 contra
747 2488 870 2573 judicia
904 2491 1026 2573 proprii
1058 2491 1230 2568 Ordinarii‚

174 2592 289 2674 quibus
316 2593 482 2675 suspensio
498 2602 554 2654 aut
578 2593 657 2655 aliae
670 2613 821 2656 censurae
836 2592 886 2655 vel
900 2613 1020 2676 poenae
1030 2594 1231 2678 infliguntur,

173 2695 287 2758 incidit
301 2696 371 2778 ipso
386 2693 469 2757 facto
484 2696 518 2757 in
534 2696 898 2759 excommunicationem
920 2698 1076 2780 majorem
1099 2697 1233 2780 speciali

65 2789 67 2793 ’
174 2798 268 2862 modo
283 2797 431 2862 Romano
446 2797 598 2862 Pontifici
612 2805 817 2875 reservatam,
835 2804 867 2862 et
883 2800 920 2863 fit
935 2801 1092 2864 obnoxius
1119 2803 1233 2885 poenis

175 2901 289 2964 exinde
319 2901 605 2978 descendentibus,¹
633 2908 665 2965 et
690 2922 747 2988 per
776 2922 883 2966 sacros
914 2924 1052 2966 canones
1082 2902 1231 2968 statutis.

175 3006 278 3081 Quam
304 3006 669 3069 excommunicationem
696 3007 867 3069 incurrunt
893 3007 991 3068 etiam
1015 3005 1089 3069 laici
1115 3007 1233 3092 hujus-

173 3106 263 3172 modi
279 3128 392 3171 oausas
403 3108 638 3191 quomodolibet
654 3108 695 3170 ad
705 3105 1040 3172 TribunalSaeculare
1050 3109 1231 3174 afferentes.

216 3211 293 3275 265.
318 3212 410 3287 Quod
423 3212 451 3274 si
463 3213 535 3294 quis
547 3229 715 3294 gravamen
725 3217 780 3274 aut
792 3211 944 3294 injuriam
957 3210 996 3274 ab
1008 3211 1233 3276 ecelesiasticis

170 3314 333 3396 judicibus
348 3334 480 3396 passum
505 3334 539 3376 se
563 3333 633 3376 esse
660 3320 817 3390 autumet,
840 3335 877 3376 ea
903 3315 1044 3378 remedia
1068 3314 1231 3391 adhibeat,

173 3415 608 3498 quaesuppeditatEcclesia3
627 3416 891 3501 seilicetappellet
902 3417 1233 3502 ard-Archiepiscopum

173 3518 224 3581 vel
238 3518 278 3582 ad
295 3519 466 3582 Summum
480 3519 679 3582 Pontificem.

500 3705 508 3738 ¹
517 3703 582 3754 Vide
593 3704 708 3767 Appsnd
719 3705 766 3756 IX.
777 3720 835 3769 pag.
847 3708 904 3756 248.
