2572 4410
578 341 622 410 lt

59 530 218 602 tractare,
241 545 428 610 semperque
444 545 520 611 erga
542 544 580 592 ea
602 544 698 608 qaam
720 526 894 590 maximam
913 527 1122 591 reverentiam

62 636 169 714 atque
197 628 397 694 devotionem
433 629 468 693 in
504 628 667 693 mentibus
702 629 846 694 fidelium
883 630 972 695 omni
1007 638 1123 696 conatu

60 734 186 798 fovere.
231 731 328 796 Ritus
342 732 449 815 itaquo
458 731 539 795 istos
548 752 583 794 ac
594 732 816 808 caeremonias,
827 732 1017 816 antiquitate
1028 753 1121 796 vene·

64 834 198 911 rabiles,
216 855 302 898 sacra
318 833 550 917 significatione
564 833 682 917 plenas,
695 855 774 916 quas
788 834 823 898 in
845 833 1120 898 sacramentorum

66 939 348 1004 administratione
372 939 487 1001 Sancta
508 937 653 1002 Ecclesia
676 937 797 1002 Christi
820 938 1015 1003 adhibendae
1029 960 1119 1022 prae·

69 1044 193 1121 scribit,
217 1045 305 1107 omni
326 1042 480 1108 fidelitate
502 1042 603 1106 colere
626 1049 721 1126 atque
743 1065 866 1108 servare
891 1049 1029 1122 tenetur,
1045 1065 1121 1128 prae

67 1153 179 1210 mente
194 1146 316 1211 habens
334 1146 367 1211 S.
386 1146 590 1210 Tridentinae
603 1146 723 1228 Synodi
733 1148 826 1212 verba
836 1169 916 1214 sess·
932 1153 964 1226 7,
977 1170 1047 1212 can.
1060 1150 1118 1213 13:

70 1249 139 1312 “Si
168 1250 243 1332 quis
271 1249 388 1312 dixerit
416 1253 558 1331 receptos
590 1253 686 1333 atque
715 1249 904 1332 approbatos
935 1249 1119 1315 Catholicae

68 1351 236 1415 Ecclesiae
251 1351 333 1414 ritus
347 1351 383 1413 in
405 1350 542 1415 solemni
558 1350 833 1418 Sacramentorum
845 1353 1119 1418 administratione

67 1455 214 1519 adhiberi
228 1460 406 1529 consuetos,
420 1458 475 1517 aut
490 1454 662 1530 contemni,
680 1460 735 1517 aut
751 1456 821 1518 sine
834 1462 990 1539 peccatos
1005 1458 1117 1521 minis·

66 1562 128 1627 tris
144 1581 204 1644 pro
222 1559 312 1624 libito
335 1559 453 1636 omitti,
480 1564 536 1622 aut
557 1559 592 1621 in
611 1579 708 1623 novos
728 1559 808 1623 alios
823 1580 879 1642 per
899 1582 1118 1645 quemcunque

63 1663 287 1728 Ecclesiarum
302 1662 467 1726 Pastorem
482 1662 601 1726 mutari
615 1682 719 1745 posse,
737 1663 907 1732 anathema
923 1665 1000 1728 sit.'’

78 1766 165 1833 ²27.
190 1759 285 1828 Ritus
294 1783 405 1856 omnes
414 1765 601 1847 praescripti
614 1765 649 1826 in
664 1764 787 1828 Rituali
798 1765 952 1845 Romano,
969 1766 1119 1831 Rubricis

61 1869 221 1945 Missalie,
245 1874 277 1932 et
299 1868 480 1931 Pontificali
503 1869 657 1944 Romano,
681 1889 738 1951 pro
762 1869 1040 1934 Sacramentorum
1063 1871 1117 1933 ad-

61 1973 313 2049 ministratione,
331 1976 473 2035 accurate
495 1971 708 2034 observentur.

109 2076 346 2145 28.'Volumus
372 2086 411 2143 ut
438 2079 544 2162 praxis
581 2077 825 2142 administrandi
859 2079 1060 2141 Sacramenta
1082 2080 1116 2142 in

61 2184 233 2260 Ecclesiis‚
250 2183 307 2245 ubi
321 2183 437 2249 existat
453 2186 604 2257 servetur,
619 2186 651 2244 et
666 2179 722 2244 ubi
736 2193 801 2244 non
825 2180 950 2257 existat,
967 2181 1001 2243 in
1017 2202 1115 2264 quan·

60 2294 137 2351 tum
153 2285 223 2349 fieri
237 2289 344 2368 potest
359 2284 590 2347 introducatur.

107 2391 164 2454 29.
189 2388 272 2452 (lum
286 2387 397 2470 magni
411 2386 566 2450 momenti
581 2386 624 2449 sit
639 2391 676 2448 ut
690 2386 749 2462 vis,
765 2385 911 2462 efficacia,
928 2391 961 2448 et
976 2386 1116 2470 dignitas

63 2493 355 2566 Sacramentum,
371 2489 432 2551 rite
447 2510 465 2551 a
480 2487 628 2551 fidelibus
650 2487 857 2570 intelligatur,
875 2509 911 2551 ea
926 2508 1005 2571 quae
1020 2487 1116 2550 habet

65 2597 101 2660 S.
119 2594 254 2659 Carolus
266 2595 301 2656 in
313 2590 538 2656 Sacramentali
547 2590 768 2670 Ambrosiano,
781 2604 838 2655 seu
850 2593 1116 2656 instructionibus

63 2696 269 2782 generahbus
291 2717 349 2779 pro
372 2693 646 2760 administratione
670 2695 814 2759 omnium
840 2694 1115 2757 sacramentorum

64 2804 100 2865 in
132 2806 274 2864 mentem
295 2798 506 2882 parochorum
528 2818 709 2861 revocamus
723 2798 1003 2862 2-“Sacramenti
1031 2799 1116 2883 quod

65 2901 298 2969 “ministrabit
315 2899 494 2982 (Sacerdos)
506 2899 582 2976 vim,
595 2899 762 2976 rationem,
779 2916 885 2978 usum,
898 2901 1115 2984 salutaresque

67 3011 88 3040 “
99 3009 235 3082 fructus,
251 3010 346 3089 prout
367 3004 521 3087 temporis
537 3024 572 3066 ac
587 3024 741 3086 personae
756 3005 837 3068 ratio
852 3011 884 3067 et
898 3007 1114 3087 praesentium

66 3117 87 3146 “
100 3111 275 3177 multitudo
296 3110 418 3187 tulerit,
435 3108 604 3191 diligenter
624 3108 803 3191 explicabit,
819 3111 1005 3193 praesertim
1022 3110 1115 3173 Oste-
1159 3186 1161 3190 μ

66 3215 219 3280 “chismi
233 3213 370 3277 Romani
385 3206 537 3277 doctrinis
559 3210 764 3281 inhaerendo.
811 3212 893 3275 (lum
915 3234 987 3275 vero
1012 3233 1113 3275 caere-

67 3324 88 3352 “
101 3320 314 3401 moniaequae
321 3316 571 3380 adSacramenta
577 3313 778 3392 adhibentur,
785 3322 909 3378 mentes
919 3316 1046 3379 illorum
1058 3316 1113 3398 qui

67 3424 89 3454 “
102 3442 157 3487 eas
166 3423 334 3485 intuentur
349 3423 552 3500 accurateque
568 3416 736 3480 observant
751 3417 791 3480 ad
805 3417 992 3481 sublimium
1008 3438 1114 3480 rerum

67 3523 331 3606 “cogitationem
348 3521 481 3602 erigant,
499 3518 658 3601 fidemque
674 3525 706 3582 et
729 3519 916 3583 charitatem
931 3519 965 3580 in
981 3520 1021 3581 iis
1036 3519 1115 3601 ipsis

68 3630 90 3660 “
103 3626 253 3697 excitent,
269 3645 377 3687 earum
400 3623 496 3685 etiam
511 3622 576 3688 vim
600 3622 834 3705 sanctioresque
856 3622 1115 3704 significationes,

69 3733 90 3761 “
103 3736 142 3793 ut
164 3726 411 3810 diligentissime
432 3724 559 3806 poterit,
576 3723 661 3786 idern
684 3726 800 3808 populo
817 3730 951 3806 exponet
966 3746 1039 3788 cum
1054 3744 1116 3789 usu

68 3830 255 3899 “venerit”
289 3829 383 3913 (Acta
393 3826 790 3905 Euclealldediolanensis,
804 3826 909 3891 Patav.
921 3828 1015 3894 1754.
1044 3828 1114 3892 Fol.

68 3941 161 4005 Tom.
179 3939 210 4017 1,
227 3956 301 4022 pag.
317 3935 407 4013 420.)

1006 4015 1031 4078 n
