2572 4410
620 312 685 380 217

165 485 220 548 54.
244 482 350 568 Reges
365 489 398 547 51
419 483 586 567 Principes
609 504 674 547 non
701 483 806 548 solum
829 484 869 550 ab
894 486 1059 553 Ecclesiae
1077 489 1178 572 juris-

116 586 261 651 dictione
276 587 472 661 eximuntur,
489 607 599 649 verum
614 586 712 649 etiam
727 587 762 649 in
778 589 1018 669 quaestionibus
1028 591 1181 674 jurisdic·
1228 633 1231 641 .

116 689 221 754 tionis
236 689 426 752 dirimendis
442 687 621 772 superiores
637 694 715 752 sunt
729 690 902 755 Ecclesiae.

164 791 232 853 Lit.
247 791 362 874 Apost.
385 789 584 872 Multiplices
605 790 701 866 iuter,
714 793 755 854 10
770 792 862 854 Junii
879 795 976 858 1851.

165 895 219 958 55.
243 893 391 957 Ecclesia
412 913 431 955 1
455 893 561 968 Statu,
584 893 758 976 Statusque
778 893 817 958 ab
835 895 982 961 Ecclesia
1010 899 1180 981 sejungen-

117 995 184 1059 dus
200 1001 261 1058 511.

162 1095 267 1160 Α1115.
292 1094 549 1174 doctissimum,
568 1096 609 1163 27
627 1093 826 1181 Septembris
843 1100 939 1163 1852.

252 1660 402 1704 ERRORES
418 1660 462 1702 DE
478 1657 599 1702 numos
613 1658 776 1704 nanuum
790 1659 834 1703 ET
850 1661 1052 1709 CHRISTIANA.

163 1812 218 1875 56.
242 1810 372 1874 Morum
394 1809 482 1892 leges
508 1808 616 1872 divina
639 1807 728 1872 haud
755 1816 851 1892 egent
877 1814 1055 1892 sanctione,
1081 1818 1179 1880 mini·

116 1935 234 1997 meque
258 1934 339 1996 opus
363 1917 414 1975 est
428 1918 466 1973 ut
480 1909 643 1974 humanae
658 1911 745 1992 leges
767 1911 809 1974 ad
830 1918 963 1978 naturae
982 1918 1039 2000 jus
1054 1920 1176 1982 confor-

117 2017 259 2092 mentur,
277 2021 333 2079 aut
348 2014 510 2097 obligandi
524 2013 592 2077 vim
608 2034 626 2075 1
641 2014 709 2076 Deo
725 2014 887 2096 accipent.

161 2116 266 2181 Alloo.
289 2116 440 2179 Maximo
456 2115 590 2196 puidam,
609 2117 628 2180 9
644 2115 737 2177 Junii
754 2116 850 2180 1862.

163 2223 217 2287 57.
241 2218 543 2302 Philosophioarum
558 2236 666 2280 rerum
682 2239 871 2301 morumque
881 2220 1178 2306 scientia,itemque

117 2322 228 2387 civiles
251 2321 338 2404 leges
361 2325 500 2404 possunt
525 2325 557 2382 51
581 2318 739 2383 debente
766 2320 873 2383 divina
899 2327 931 2384 51
963 2324 1177 2389 ecclesiastica

117 2425 313 2490 auctoritate
329 2420 497 2486 declinare.

163 2527 267 2590 Alloc.
292 2526 443 2589 Maximo
459 2523 593 2605 quidem,
611 2526 631 2588 9
648 2522 739 2587 Junii
756 2525 852 2590 1862.

163 2632 216 2693 58.
239 2627 331 2692 Aliae
346 2629 429 2691 vires
445 2647 509 2689 non
530 2630 607 2688 111111
629 2626 936 2710 agnoscendaenisi
955 2629 1030 2693 illae
1045 2633 1176 2715 quaein

113 2732 250 2796 materia
271 2731 393 2814 positae
410 2734 496 2805 suut,
513 2733 546 2790 51
567 2729 673 2790 omnis
695 2748 823 2791 morum
843 2730 1016 2814 disciplina
1042 2734 1172 2798 honest·

117 2853 217 2918 asque
241 2833 390 2897 collocari
414 2830 508 2893 debet
534 2830 568 2891 in
594 2830 801 2895 cumulandis
825 2837 857 2894 51
884 2835 1039 2916 augendis
1064 2837 1179 2919 quovis

117 2937 213 3001 modo
230 2936 352 3000 divitiis
368 2956 403 2997 ac
418 2934 454 2995 in
468 2929 686 3013 voluptatibus
701 2932 877 3014 explendis.

161 3037 264 3100 Alloc.
289 3035 439 3097 Monimo
454 3032 589 3114 quidem,
607 3035 627 3097 9
642 3033 735 3095 Junii
759 3034 854 3096 1862.

160 3139 270 3222 Epist.
286 3136 419 3219 Enoycl.
446 3136 572 3213 Qcceoto
588 3135 801 3215 corcficc'cmur,
819 3137 861 3199 10
883 3136 1025 3220 Augusti
1042 3140 1138 3204 1863.

162 3243 216 3305 59.
241 3240 302 3305 Jus
317 3241 351 3306 in
366 3237 526 3302 materiali
548 3236 630 3300 facto
646 3238 804 3314 consistit,
826 3245 859 3302 51
884 3241 992 3302 omnia
1006 3240 1174 3306 hominum

118 3343 221 3407 officia
236 3343 313 3406 sunt
328 3362 445 3405 nomen
460 3341 567 3416 inane,
585 3344 617 3402 et
631 3341 739 3403 omnia
753 3339 895 3404 humana
910 3342 992 3404 11111
1009 3343 1094 3425 juris
1108 3345 1174 3410 vim

118 3445 248 3509 habent.

161 3546 264 3611 Alloc.
288 3546 437 3609 1115111111
452 3543 588 3625 quidem,
606 3547 626 3609 9
642 3544 734 3608 Junii
751 3545 847 3609 1862.

163 3651 216 3714 60.
240 3649 424 3713 Auctoritas
438 3646 523 3710 nihil
533 3645 623 3709 aliud
639 3652 689 3709 511
703 3648 768 3710 nisi
779 3647 905 3710 numeri
917 3652 950 3710 et
961 3649 1176 3717 materialium

120 3752 235 3814 virium
251 3772 389 3814 summa.

162 3854 263 3918 Alloc.
287 3853 438 3917 Maximo
453 3851 589 3934 quidem,
607 3854 626 3916 9
643 3851 735 3916 Junii
752 3851 847 3914 1862.

1073 3957 1093 3998 n
