2572 4410
659 305 702 372 72

165 496 319 559 inservire
342 495 480 578 possint,
508 493 587 577 quin
614 492 828 556 conscientiae
851 492 956 557 labem
983 495 1126 558 inurant.
1171 494 1225 558 De

165 618 276 661 eorum
291 596 389 660 etiam
403 596 489 672 filiis,
505 595 692 678 praesertim
707 595 736 657 si
750 595 884 678 orphani
895 597 973 673 sint,
988 598 1042 680 pia
1055 602 1225 680 pastorum

165 697 334 763 solicitudo
349 704 399 761 est
413 695 588 773 excitanda,
612 717 653 759 ne
674 695 779 759 aliena
805 697 960 780 religione
982 698 1169 774 educentur,
1187 705 1224 762 et

165 823 206 865 ne
230 801 354 865 scholas
373 803 573 883 frequentare
593 806 748 882 cogantur
772 801 806 862 in
832 801 950 883 quibus
972 800 1047 864 libri
1072 801 1223 884 religioni

165 905 348 970 Catholicae
358 904 476 967 infensi
487 902 686 966 adhibentur.
708 903 879 986 Praecipue
889 924 963 967 vero
974 903 1221 987 capellanorum

164 1008 352 1071 militarium
360 1006 498 1071 officinm
508 1015 559 1069 est
567 1026 662 1088 super
669 1005 731 1068 hac
744 1027 778 1068 re
788 1005 965 1088 invigilare,
978 1011 1011 1069 et
1020 1007 1220 1070 ordinarium

162 1110 225 1175 loci
235 1111 275 1174 de
285 1109 471 1190 hujusmodi
490 1108 652 1183 abusibus,
669 1108 865 1184 sioriantur,
881 1111 993 1172 statim
1003 1131 1218 1187 commonere,

164 1219 202 1277 ut
220 1214 324 1296 possit
342 1232 415 1275 cnm
440 1212 483 1275 iis
505 1212 561 1295 qui
586 1210 742 1274 militibus
764 1217 918 1295 praesunt
946 1212 987 1276 de
1011 1219 1102 1277 tanto
1130 1213 1219 1277 mah

164 1314 305 1381 tollendo
320 1335 423 1398 agere.

208 1419 262 1481 24.
287 1417 323 1480 Si
342 1418 397 1500 qui
417 1415 564 1481 catholici
583 1439 623 1480 ex
641 1416 702 1480 hac
723 1417 759 1480 in
780 1424 905 1481 exteras
926 1419 1074 1502 regiones
1094 1419 1217 1501 prosec-

164 1521 230 1585 turi
259 1527 346 1597 sunt,
377 1541 432 1584 ecs
461 1519 633 1584 hortandos
663 1542 734 1584 esse
758 1522 993 1597 existimamus,
1023 1526 1062 1585 ut
1089 1523 1125 1584 in
1146 1522 1220 1586 loca

164 1624 297 1688 minime
313 1644 348 1687 se
362 1624 527 1687 conferant
541 1624 597 1687 ubi
608 1624 732 1706 copiam
746 1624 913 1688 exercendi
922 1625 1110 1707 religionem
1121 1644 1219 1688 suam

163 1747 229 1791 non
242 1726 392 1790 habeant.
436 1726 617 1810 Antequam
630 1748 704 1791 vero
718 1728 970 1810 proficiscantur,
986 1726 1163 1791 cavendum
1177 1734 1219 1792 ut

165 1829 370 1894 Sacramenta
383 1829 604 1893 Poenitentiae
619 1837 652 1893 et
665 1830 889 1894 Eucharistiae
912 1831 1098 1913 suscipiant
1114 1836 1218 1914 utque

163 1933 261 1998 etism
276 1933 401 1997 litteras
422 1933 654 1997 testimoniales
676 1956 695 1996 a
715 1933 862 2016 parochis
884 1932 1081 2016 subscriptas
1104 1954 1219 1997 secum

163 2037 317 2114 deferant,
352 2020 471 2121 quibus
499 2058 555 2101 eos
590 2037 769 2120 baptizatos
793 2037 894 2100 fuisse
923 2043 1058 2113 constet,
1089 2056 1219 2101 necnon

164 2141 287 2206 solutos
301 2161 383 2217 esse,
399 2146 496 2225 prout
510 2162 561 2205 res
583 2161 618 2205 se
640 2140 767 2217 habeat,
789 2140 840 2204 vel
862 2140 1006 2223 legitimo
1029 2142 1220 2223 conjunctos

164 2246 380 2309 matrimonio.

205 2348 441 2413 assamonei
469 2347 700 2412 haereticorum
729 2346 848 2430 templa
877 2348 1014 2410 inuisere
1044 2352 1082 2410 ut
1109 2346 1219 2411 cultui

162 2471 272 2515 eorum
297 2451 456 2514 adsistant
480 2453 611 2515 omnino
635 2451 857 2535 prohibentur.
908 2450 960 2512 Ab
982 2449 1218 2514 haereticorum

162 2553 259 2617 ctiam
274 2552 480 2617 concionibus
495 2554 661 2617 audiendis
676 2575 807 2636 prorsus
829 2552 1023 2629 abstineant,
1046 2558 1079 2615 et
1100 2573 1216 2616 eorum

163 2655 261 2721 libros
276 2656 316 2721 de
331 2655 485 2739 religione
499 2663 674 2720 tractantes
689 2678 857 2741 uunquam
870 2656 992 2740 legant.

664 3201 707 3266 X.

535 3366 579 3411 DE
602 3366 832 3413 sacsmrms,

202 3491 255 3555 26.
280 3491 363 3557 Cum
399 3493 434 3556 in
462 3492 606 3556 Ecclesia
634 3493 696 3558 Dei
725 3493 808 3557 nihil
838 3494 980 3557 sanctim
1002 3499 1059 3557 aut
1081 3492 1209 3570 utilius,

158 3595 301 3680 nihilque
337 3597 543 3662 excellentius
586 3598 750 3674 habeatur,
788 3619 883 3681 qnam
928 3604 1124 3662 sacramenta
1167 3597 1208 3661 ad

157 3698 292 3763 humani
327 3705 452 3784 generis
489 3701 625 3765 salutem
658 3723 677 3765 a
710 3701 839 3787 Christo
871 3701 1011 3765 Domino
1043 3702 1207 3777 instituta,

157 3801 318 3867 Paroohus
352 3804 402 3868 vel
437 3806 541 3888 quivis
575 3806 658 3868 alius
698 3805 854 3881 sacerdos,
885 3804 926 3868 ad
962 3825 1058 3888 quem
1094 3824 1208 3867 eorum

157 3905 390 3972 administratio
405 3910 555 3992 pertinet,
572 3930 698 3994 semper
719 3909 906 3973 meminisse
928 3907 1023 3972 debet
1044 3929 1079 3973 se
1094 3911 1209 3970 sancta
