2572 4410
612 325 677 391 190

120 496 268 563 Ecclesia
296 498 362 562 eive
388 496 526 562 solemni
550 495 674 579 judicio
689 499 756 563 eive
771 498 933 564 ordinsrio
944 504 979 563 et
991 498 1170 563 universali

119 601 305 685 magisterio
332 606 497 685 tamquam
525 599 683 664 divinitus
710 601 849 665 revelata
876 601 1034 666 credenda
1053 620 1170 687 prope

119 712 254 768 nuntur.

162 808 323 884 Quonim
344 825 420 870 vero
442 806 513 870 sine
534 806 597 871 fide
618 807 818 890 impossibile
833 815 885 872 est
897 809 1022 893 plecere
1036 807 1120 886 Deo,
1136 816 1170 874 et

117 911 158 975 ad
167 910 310 975 tiliorum
321 909 394 992 ejus
404 911 601 973 consortium
610 912 793 993 pervenire3
809 912 882 977 ideo
889 914 1015 976 nemini
1026 934 1170 997 unquam

118 1017 189 1080 sine
203 1014 261 1078 illa
276 1013 412 1096 contigit
426 1008 627 1094 justificatio,
643 1033 703 1077 nec
719 1013 818 1089 ullus,
834 1016 900 1079 nisi
919 1017 956 1078 in
971 1036 1008 1079 ea
1021 1035 1169 1099 perseve-

115 1119 236 1183 raverit
260 1117 410 1201 usquein
436 1117 546 1194 finem,
561 1117 662 1179 vitam
688 1123 852 1182 aeternam
876 1126 1075 1203 assequetur.
1123 1119 1171 1185 Ut

114 1228 223 1285 autem
237 1221 341 1284 officio
354 1239 461 1282 vetem
470 1217 568 1282 fidem
577 1218 799 1301 amplectendi,
809 1222 846 1283 in
866 1240 966 1304 eaque
983 1229 1170 1286 constanter

113 1323 337 1408 perseverandi
356 1322 540 1386 satisfacere
554 1340 736 1403 possemus,
754 1320 846 1386 Deus
868 1343 926 1407 per
940 1324 1046 1386 filium
1069 1344 1170 1388 suum

113 1426 318 1509 unigenitum
326 1422 506 1488 Ecclesiam
517 1424 672 1499 instituit,
687 1444 827 1508 suaeque
837 1426 1169 1490 institutioniemani·

114 1526 208 1591 festis
233 1528 321 1590 notis
343 1526 509 1601 instruxit,
526 1526 621 1604 utsea
643 1532 809 1610 tamquam
823 1534 934 1592 custos
954 1533 988 1591 et
1009 1529 1171 1611 magistre

113 1629 201 1693 verbi
215 1628 345 1693 revelati
360 1627 400 1691 ab
414 1627 567 1692 omnibus
580 1635 692 1712 posset
706 1630 848 1712 agnosci.
892 1629 945 1693 Ad
960 1630 1063 1694 solam
1079 1632 1170 1696 enim

112 1730 304 1795 catholicam
319 1729 498 1794 Ecclesiam
513 1750 550 1793 ea
564 1732 730 1812 pertinent
752 1733 871 1807 omnia,
887 1753 969 1815 quae
983 1733 1023 1795 ad
1038 1733 1169 1796 eviden-

114 1841 181 1897 tem
196 1833 271 1898 fidei
285 1833 477 1896 christianae
492 1833 737 1896 credibilitatem
753 1840 820 1896 tam
835 1835 939 1897 multe
954 1841 1070 1898 ettam
1085 1837 1172 1898 mira

113 1936 268 2000 divinitus
283 1941 362 2000 sunt
376 1936 543 2018 disposita.
589 1934 674 2015 Quin
689 1937 786 1999 etiam
801 1935 949 2000 Ecclesia
962 1956 1020 2020 per
1035 1958 1070 2000 se
1085 1938 1171 2020 ipsa,

112 2038 254 2103 obeuam
266 2057 383 2121 nempe
395 2037 615 2101 admirabilem
625 2039 903 2122 propagationem,
915 2040 1067 2102 eximiam
1078 2060 1171 2102 sane·

110 2142 240 2205 titatem
255 2147 289 2204 et
301 2140 527 2204 inexhaustum
550 2142 584 2204 in
608 2140 760 2204 omnibus
783 2140 877 2204 bonis
903 2141 1169 2218 foecunditatem,

112 2243 153 2307 ob
175 2244 363 2307 catholicum
392 2245 562 2319 unitatem,
585 2244 801 2326 invictamque
838 2243 1055 2319 stabilitatem,
1080 2266 1171 2328 mag·

113 2368 193 2410 num
208 2346 369 2429 quoddam
384 2352 418 2409 et
430 2352 622 2430 perpetuum
637 2352 688 2409 est
710 2347 867 2408 motivum
891 2346 1117 2410 credibilitatis
1136 2353 1174 2410 et

113 2449 240 2512 divinae
255 2469 332 2513 sues
346 2449 516 2530 legationis
531 2449 758 2512 testimonium
773 2448 1000 2531 irrefragabile.

160 2551 229 2626 Quo
244 2551 292 2625 fit,
309 2557 347 2613 ut
366 2552 438 2632 ipsa
459 2550 559 2614 veluti
583 2551 713 2633 signum
732 2551 871 2614 levatum
891 2552 926 2613 in
952 2545 1124 2628 nationes,¹
1137 2553 1175 2616 et

116 2653 157 2715 ad
169 2673 204 2715 se
217 2653 333 2714 invitet
340 2653 396 2735 qui
403 2653 550 2716 nondum
559 2653 775 2727 crediderunt,
786 2658 819 2716 et
832 2653 919 2716 filios
931 2673 1006 2716 suos
1017 2654 1172 2717 certiores

117 2755 222 2827 faciet,
239 2755 427 2816 firmissimo
442 2756 504 2817 niti
515 2753 724 2819 fundamento
739 2755 844 2831 fidem,
861 2776 956 2838 quam
965 2756 1173 2838 profitentur.

118 2854 180 2922 Oui
194 2856 324 2943 quidem
337 2857 527 2920 testimonio
542 2856 652 2920 efficax
672 2857 851 2922 subsidium
871 2857 991 2920 accedit
1005 2878 1045 2920 ex
1059 2878 1173 2941 super·

117 2980 160 3022 na
181 2959 311 3022 virtute.
354 2957 489 3022 Etenim
508 2958 762 3042 benignissimus
784 2959 947 3023 Dominus
970 2966 1004 3023 et
1026 2967 1175 3024 errantes

119 3062 223 3145 gretia
237 3082 295 3124 sua
310 3062 426 3126 excitet
442 3068 537 3145 etque
552 3062 691 3146 adjuvet,
707 3068 746 3127 ut
759 3061 800 3125 ud
815 3063 1013 3146 agnitionem
1027 3064 1174 3127 veritatis

116 3165 224 3228 venire
237 3164 385 3247 possint;
408 3172 441 3228 et
454 3182 520 3242 eos,
537 3184 618 3247 quos
632 3165 671 3228 de
682 3164 824 3228 tenebris
837 3163 1004 3227 transtulit
1018 3165 1054 3227 in
1069 3165 1174 3228 edmi-

118 3266 220 3331 rabile
234 3267 344 3331 lumen
356 3285 464 3342 suum,
480 3267 516 3329 in
539 3265 601 3330 hoc
616 3267 728 3331 eodem
754 3268 877 3331 lumine
892 3272 930 3329 ut
953 3273 1175 3349 perseverent,

122 3370 482 3451 gratiasuaconfirmst,
493 3389 561 3432 non
578 3370 741 3446 deserens,
751 3370 816 3434 nisi
826 3369 1002 3432 deseratur.
1020 3368 1175 3448 Quocirca

121 3472 257 3534 minime
271 3491 329 3554 per
343 3477 394 3535 est
406 3472 546 3536 conditio
558 3491 679 3548 eorum,
690 3473 745 3556 qui
753 3491 812 3555 per
820 3472 955 3535 coeleste
964 3469 1040 3534 fidei
1049 3471 1175 3536 donum

121 3572 297 3636 catholicae
319 3575 446 3637 veritati
473 3573 696 3652 adhaeserunt,
727 3582 823 3659 etque
849 3593 972 3650 eorum,
999 3575 1055 3656 qui
1085 3574 1175 3638 ducti

121 3675 327 3758 opinionibus
353 3674 505 3741 humanis
543 3677 657 3740 falsam
695 3677 883 3760 religionem
913 3682 1100 3753 sectantur;
1124 3676 1175 3738 illi

122 3779 219 3856 enim,
236 3780 291 3863 qui
306 3779 402 3843 fidem
417 3780 476 3845 sub
491 3778 654 3844 Ecclesiae
668 3781 853 3863 magisterio
863 3785 1083 3864 susceperunt,
1100 3778 1174 3843 nul·

580 3906 588 3947 l
600 3907 637 3956 Is.
647 3904 683 3955 xi.
696 3907 735 3956 12.
