2572 4410
629 295 669 358 41

120 466 299 544 videbatur,
334 488 435 550 poene
471 466 638 546 extinctos,
677 465 908 553 quodammodo
947 471 1166 549 exsuscitaret,

120 569 227 653 iisque
242 592 340 634 novas
355 571 438 634 vires
452 570 625 654 praeberet.
1045 655 1048 662 Ι

163 671 206 734 Ι1
221 673 355 736 eandem
370 674 433 736 fere
450 674 641 737 sententiam
656 674 715 739 ivit
729 674 911 758 Episcopus
927 671 1111 739 Femensis.

163 775 326 859 Episcopo
341 774 601 841 Waterfordiensi
616 778 696 841 satis
719 778 785 841 fore
806 777 913 841 visum
933 782 983 840 est
1004 777 1033 840 si
1053 778 1087 840 in
1103 778 1168 863 Ap·

120 876 256 960 pendice
269 878 367 963 hujus
385 879 503 961 Synodi
517 879 608 942 Actis
623 885 655 943 et
671 879 815 943 Decretis
831 878 982 954 subnexa,
1000 900 1168 962 apponere-

119 985 175 1042 tur
193 980 226 1043 S.
236 979 339 1045 Officii
350 982 522 1044 Decretum
532 1003 594 1066 quo
603 982 770 1044 damnatur
781 981 922 1044 Societas
934 980 1148 1046 Fenianorum
1159 1006 1168 1060 ;

119 1081 154 1144 id
170 1082 258 1164 qnod
271 1084 391 1147 factum
413 1105 483 1147 esse
509 1084 685 1148 aGoncilio
707 1083 1042 1148 Westmonasteriensi
1067 1106 1168 1168 nuper

119 1185 235 1248 habito
249 1187 445 1250 memoravit.

165 1288 286 1352 Contra
300 1310 372 1352 vero
391 1290 572 1373 Episcopus
592 1287 810 1372 corcagiensis
832 1289 1003 1352 Decretum
1025 1289 1059 1352 in
1080 1288 1169 1354 sche-

118 1397 207 1453 mate
222 1391 433 1465 retinendum,
448 1392 547 1455 sedin
563 1393 679 1456 litteris
695 1393 734 1455 ad
748 1392 903 1475 populum
919 1390 957 1454 ab
969 1391 1028 1454 hac
1041 1392 1167 1475 Synodo

117 1493 307 1576 dirigendis,
353 1516 426 1558 cum
480 1516 595 1578 magna
646 1494 799 1558 charitate
836 1500 868 1557 et
903 1493 1100 1576 benignitate
1129 1495 1168 1558 <ie
1250 1547 1253 1552 .

117 1594 274 1659 Fenianis
313 1597 515 1661 tractandum
560 1618 629 1661 esse
663 1597 830 1680 judicavit.
886 1596 974 1659 Huic
1002 1597 1164 1680 proposito

115 1698 229 1782 plures
253 1706 434 1764 annuerunt
444 1700 565 1763 Patres
620 1723 628 1739 ’

162 1818 397 1882 Animadvertit
426 1819 531 1882 Effius
557 1819 687 1882 Praescs
718 1818 910 1882 sententiam
926 1817 1086 1900 Episcopi
1101 1816 1163 1880 Mi·

116 1919 228 1982 densis
240 1941 314 1984 cum
325 1927 512 2005 argumento
527 1921 596 2003 ejus
611 1942 675 1984 non
686 1920 766 1984 bene
775 1921 949 1984 cohaerere.
985 1917 1067 1983 Cum
1083 1920 1168 1982 enim

116 2023 271 2086 fateretur
300 2023 516 2088 Fenianorum
556 2025 652 2087 duces
681 2023 827 2087 homines
865 2022 1107 2086 scelestissimos
1136 2031 1169 2086 et

116 2124 302 2190 vaferrimos
336 2149 415 2202 esse,
447 2127 601 2210 Episcopi
629 2127 723 2209 plane
755 2131 937 2189 tenerentur
976 2145 1030 2187 eos
1063 2124 1168 2207 palam

117 2228 305 2292 denuntiare
320 2252 361 2293 ne
375 2232 456 2294 forte
470 2230 606 2313 populus
628 2229 731 2291 fidelis
749 2234 780 2290 et
801 2226 935 2310 simplex
955 2247 1064 2289 eornm
1086 2227 1167 2290 dolis

118 2336 151 2393 et
165 2331 300 2394 fallaciis
316 2332 477 2415 deceptus,
494 2334 528 2395 in
544 2333 669 2395 ruinam
681 2328 870 2394 traheretur.

161 2434 246 2496 Cum
260 2434 389 2498 demum
404 2437 444 2498 ad
459 2437 607 2518 suffragia
617 2438 803 2517 perventum
815 2438 863 2495 est
875 2453 969 2514 snper
983 2432 1042 2495 hac
1057 2453 1166 2514 quaes-

118 2537 205 2598 tione
218 2537 360 2615 ;—Nnm
387 2560 461 2620 pars
499 2539 555 2600 illa
580 2536 707 2599 Decreti
742 2535 810 2617 jam
844 2534 974 2617 perlecti
1003 2534 1167 2597 retinenda

117 2644 202 2701 esset
248 2639 283 2701 in
334 2661 396 2722 qua
435 2640 603 2702 damnatur
637 2639 776 2701 Societas
827 2638 1167 2711 Fenianorum—vota

117 2741 251 2803 Petrum
277 2742 418 2805 seriatim
448 2764 466 2804 a
497 2741 679 2804 Secretariis
701 2740 859 2824 exquisita
889 2745 975 2803 sunt.
1023 2740 1166 2815 Quatuor

114 2844 150 2905 in
175 2844 366 2906 sententiam
388 2850 558 2927 negantem
580 2845 706 2907 ierunt:
730 2844 765 2905 in
788 2842 980 2905 sententiam
995 2862 1066 2904 vero
1083 2841 1163 2903 affir-

115 2952 259 3009 mantem
275 2953 410 3029 quatuor
425 2952 456 3009 et
471 2947 596 3028 viginti.

161 3048 240 3112 Post
249 3048 336 3124 haec,
354 3049 438 3112 dicta
453 3050 602 3124 oratione,
619 3069 728 3113 omnes
744 3048 970 3111 discesserunt.

473 3286 810 3294 *—

328 3464 477 3529 assero
501 3433 725 3529 sounuurs
751 3464 968 3530 annuunt.

388 3619 452 3680 Dte
468 3619 488 3680 8
503 3616 702 3698 Septembris,
718 3617 818 3680 Ferio
832 3618 894 3680 IV.

159 3749 250 3813 Hora
275 3752 398 3816 decima
427 3752 684 3829 antemeridiana,
717 3750 925 3836 Congregatis
954 3751 988 3814 in
1018 3749 1163 3812 Ecclesia

117 3848 252 3936 Collegii
281 3854 451 3939 Episcopis
484 3857 676 3939 caeterisque
707 3853 928 3937 Synodalibuc
964 3851 1163 3918 adstantibus
