2572 4410
361 713 745 802 APPENDIX
804 712 916 799 III.

493 877 790 948 MwanNJ

488 1103 785 1114 ————-

507 1459 773 1538 SYLLABUS

103 1627 346 1680 commonstres
389 1632 588 1679 PRAEOIPUOS
630 1633 775 1679 nosram
819 1633 955 1680 merle
1001 1635 1161 1698 ERRORE&

158 1737 217 1792 QUI
255 1735 430 1781 norimus
464 1736 499 1780 IN
536 1734 814 1781 Annocurmnrnus
850 1735 1163 1798 CONSISTORIALIBUS,

156 1840 194 1886 IN
219 1840 410 1885 nueremcrs
436 1839 587 1893 Annscun
614 1839 818 1886 Arosromcls
844 1839 996 1887 LITTERIS
1019 1842 1163 1889 ΒΔΝΟΉΒ·

159 1943 230 1989 erm
252 1943 371 1988 DOMINI
386 1941 504 1987 nosrm
527 1941 574 1986 PH
595 1942 696 1986 PAPAE
718 1941 763 1985 IX.

615 2176 677 2256 cr.

114 2363 354 2422 PANTHEISMUS,
372 2362 619 2408 Nsrunnnlsnrcs
637 2361 681 2406 EI*
695 2361 952 2409 Rsrrorrfflsnus
965 2363 1161 2411 insanusne.

157 2484 188 2546 1.
212 2480 348 2545 Nullum
378 2479 882 2561 supremum,sapient1ssimum,
921 2482 1171 2563 providentissi·

112 2602 268 2667 mumque
279 2583 408 2645 Numen
421 2579 568 2643 divinum
578 2582 688 2644 existit
703 2581 742 2645 sb
757 2581 818 2645 hae
831 2601 940 2646 rerum
955 2584 1164 2649 universitate

111 2684 316 2761 distinctum,
334 2692 367 2748 et
388 2684 477 2746 Deus
498 2683 584 2747 idem
607 2684 656 2746 est
680 2704 715 2746 ae
737 2704 844 2747 rerum
858 2690 984 2763 natura,
1002 2692 1035 2749 et
1049 2687 1163 2752 iccirco

112 2785 394 2851 immutationrbus
406 2785 571 2859 obnoxius,
588 2787 742 2866 Deusque
758 2807 868 2868 reapse
883 2787 921 2849 fit
935 2787 969 2850 in
985 2789 1115 2853 homine
1131 2795 1165 2853 et

111 2890 244 2966 mundo,
269 2896 365 2973 atque
381 2889 491 2952 omnia
506 2886 595 2952 Deus
611 2890 735 2952 suntet
752 2889 949 2971 ipsissimam
965 2891 1027 2953 Dei
1041 2890 1164 2956 habent

113 2992 329 3056 substantiam
335 3013 344 3068 ;
369 3009 405 3054 ac
429 3012 493 3053 una
515 2989 688 3074 eademque
702 3010 755 3055 res
771 2997 821 3054 est
834 2991 924 3055 Deus
939 3012 1013 3055 eum
1028 2992 1163 3071 munda,

110 3101 143 3158 et
157 3095 291 3179 proinde
307 3094 440 3177 spiritus
456 3113 530 3156 cum
556 3093 702 3169 materia,
720 3095 897 3156 necessitas
913 3112 988 3156 cum
1003 3095 1161 3174 libertate,

111 3217 224 3261 verum
240 3216 316 3260 cum
328 3197 417 3272 falso,
432 3194 555 3259 bonum
570 3216 643 3258 eum
659 3196 742 3259 malo
758 3202 791 3259 et
802 3194 929 3276 justum
941 3217 1014 3259 eum
1028 3196 1162 3280 injusto.

153 3300 257 3363 Ailoe.
272 3299 421 3363 Maaima
436 3297 571 3380 quidem,
589 3300 609 3362 9
624 3298 718 3361 Iunii
735 3299 830 3362 1862.

154 3404 187 3468 2.
211 3402 365 3486 Neganda
394 3409 444 3467 est
472 3403 578 3466 omnis
607 3402 669 3465 Dei
693 3402 775 3466 aetio
795 3403 830 3465 in
850 3402 998 3467 homines
1017 3408 1051 3467 et
1065 3423 1160 3471 mun-

112 3507 202 3570 dum.

155 3609 259 3672 Alloe.
282 3608 433 3672 Maxima
454 3608 591 3690 quidem,
615 3609 855 3674 9Junii1862.

156 3713 187 3776 3.
210 3711 364 3775 Humana
389 3712 483 3788 ratic,
507 3711 600 3774 nullo
621 3732 754 3794 prorsus
784 3712 846 3774 Dei
875 3718 1023 3794 respectu
1038 3710 1161 3791 habito,

112 3816 228 3880 unicus
251 3820 300 3880 est
322 3815 388 3879 veri
410 3821 443 3879 et
464 3814 550 3894 falsi,
574 3815 651 3878 boni
673 3820 706 3879 et
719 3815 798 3879 mati
812 3815 939 3894 arbiter,
957 3815 1019 3880 sibi
1033 3816 1097 3900 ipsi
1112 3821 1163 3881 est
1199 3805 1202 3811 ¹
