2572 4410
682 366 724 430 90

224 551 298 613 100.
322 548 436 613 Oleum
450 547 656 611 infirmorum
667 547 933 631 quemadmodum
946 548 1059 612 Oleum
1072 548 1229 613 01111111-

180 674 345 717 menorum
357 662 389 716 et
402 653 555 715 Sanctum
567 652 714 715 Ohrisma
723 651 899 716 invaseulis
911 653 1070 734 argenteis
1076 659 1230 716 contenta

178 754 763 838 1110100101110,11ο111101111111110,
778 754 838 817 sub
847 753 926 816 clavi
935 755 1089 818 asservari
1098 754 1228 832 debent,

180 864 213 922 et
226 878 391 941 nunquam
406 879 424 920 a
438 857 507 920 loeo
522 857 556 918 in
571 855 677 919 locum
691 877 710 918 a
724 856 804 918 laico
820 855 1009 920 deferantur.

225 964 298 1026 101.
323 961 542 1025 Utilissimum
578 961 644 1023 fore
673 980 840 1023 censemus
871 959 990 1023 librum
1019 961 1157 1044 aliquem
1193 962 1232 1024 in

181 1068 318 1150 singulis
332 1065 495 1129 Parochiis
510 1064 632 1140 confici,
656 1085 673 1127 e
695 1084 757 1147 quo
779 1063 971 1140 Sacerdotes,
988 1070 1021 1127 et
1041 1066 1233 1147 praesertim

148 1164 149 1168 ’
181 1169 325 1245 Parochi,
350 1174 491 1231 accurate
514 1187 700 1249 cognoscere
725 1167 850 1249 possint
871 1167 1002 1249 quinam
1026 1167 1092 1230 sint
1117 1169 1173 1251 qui
1196 1169 1234 1232 in

181 1273 334 1337 Parochia
349 1277 522 1354 aegrotent,
541 1277 573 1333 et
587 1270 647 1333 hoc
662 1275 858 1334 sacramento
873 1270 923 1334 vel
937 1271 1009 1334 aliis
1023 1270 1201 1354 indigeant.

228 1379 301 1442 102.
327 1377 442 1440 Statim
458 1398 493 1439 ae
508 1376 610 1458 pueri,
626 1375 760 1438 rationis
781 1381 953 1457 compotes,
966 1377 1154 1458 judicantur
1165 1377 1235 1441 doli

182 1485 215 1542 et
229 1479 339 1562 cnlpae
354 1501 493 1563 capaces,
511 1481 588 1543 siin
603 1500 729 1562 gravem
744 1478 886 1541 incidant
905 1480 1061 1557 morbum,
1078 1486 1236 1561 poterunt

181 1583 382 1647 infirmorum
404 1585 473 1648 oleo
487 1584 585 1646 liniri.
629 1582 887 1664 Quandoounque
910 1589 1081 1646 censentur
1102 1604 1236 1666 capaces

183 1687 372 1750 sacramenti
407 1686 631 1769 poenitentiae,
663 1690 740 1748 sunt
768 1685 885 1766 pariter
927 1685 1034 1748 idonei
1062 1687 1237 1768 reputandi

182 1791 223 1854 ad
237 1791 422 1854 Extremam
437 1790 642 1865 Unctionem,
666 1809 746 1871 quae
768 1794 818 1851 est
839 1788 928 1851 illius
949 1790 1234 1871 complementum,

184 1895 326 1979 quamvis
341 1893 483 1958 nondum
492 1898 584 1956 11111
594 1892 733 1975 polleant
739 1892 852 1975 judicii
862 1893 1045 1956 maturitate
1057 1894 1235 1957 1111111111-

182 2006 236 2062 tur
262 1999 329 2081 apti
354 1999 394 2061 ad
419 1999 480 2061 rite
504 1995 757 2080 participandam
786 1996 1035 2072 Eucharistiam,
1067 1996 1106 2059 de
1136 1999 1233 2080 cujus

183 2100 336 2164 ineffabili
351 2099 536 2164 excellentia
551 2119 615 2161 non
630 2098 676 2160 ita
690 2097 781 2160 facile
792 2097 915 2160 edoceri
927 2096 1057 2179 queunt.
1096 2098 1233 2175 (Bened.

184 2203 272 2267 XIV.
292 2202 408 2285 Synod.
425 2202 569 2265 Dioeoes.
585 2200 641 2263 lib.
658 2201 687 2273 8,
704 2220 771 2281 cap.
789 2198 819 2261 0.
836 2219 869 2261 1.
887 2200 933 2277 2.)

230 2309 303 2370 103.
343 2306 509 2369 Orationes
543 2311 575 2367 11
608 2304 784 2367 Unctiones
821 2323 931 2366 omnes
960 2305 1052 2385 juxta
1088 2325 1235 2369 normam

186 2410 323 2474 Ritualis
334 2409 470 2471 Romani
484 2409 519 2470 in
536 2408 737 2470 Sacramento
752 2406 811 2469 hoo
823 2407 1011 2469 conferendo
1022 2408 1236 2489 perficiantur.

231 2514 306 2576 104.
332 2513 414 2575 Cum
443 2511 503 2574 hoc
535 2511 773 2573 Sacramentum
813 2509 1065 2590 administratur,
1097 2513 1188 2576 nulla
1216 2535 1237 2576 a

185 2614 332 2680 fidelibus
347 2613 463 2677 oblatio
477 2618 613 2696 petatur.

659 3036 768 3136 1111.Ι

572 3209 616 3252 DE
639 3207 850 3253 MATRIMONIO.

235 3361 308 3423 105.
331 3356 466 3420 Parochi
487 3362 677 3420 moneantur
705 3377 742 3420 ea
766 3360 909 3418 accurate
936 3376 1059 3419 servare
1089 3377 1170 3439 quae
1200 3357 1237 3420 in

189 3461 311 3525 Rituali
333 3461 475 3522 Romano
498 3459 536 3521 de
562 3457 768 3521 Matrimonio
791 3458 1006 3521 contrahendo
1042 3460 1241 3542 praescripta

191 3572 277 3630 sunt.
323 3565 462 3628 0111111
487 3562 646 3643 imprimis
672 3568 709 3624 ut
728 3568 860 3643 uterque
876 3561 1132 3625 contrahentium
1157 3564 1240 3626 sciat

189 3667 371 3730 rudimenta
385 3665 470 3741 fidei,
487 3684 560 3726 cum
575 3684 612 3726 11
626 3664 739 3726 deinde
764 3665 849 3726 filios
865 3684 940 3727 suos
956 3663 1065 3726 dooere
1089 3664 1240 3728 debeant.

235 3772 309 3834 106.
332 3768 534 3832 Admoneant
548 3766 708 3847 conjuges,
726 3771 764 3829 ut
778 3771 946 3848 antequam
961 3766 1161 3843 contrahant,
1179 3788 1240 3831 sua

110 3920 112 3924 -
191 3883 318 3959 peccata
329 3874 497 3956 diligenter
508 3870 718 3934 confiteantur
729 3876 761 3932 11
773 3869 812 3932 ad
826 3869 883 3932 SS.
895 3870 1131 3933 Eucharistiam
1143 3877 1239 3952 atque

193 3981 233 4044 ad
247 3978 445 4044 Matrimonii
459 3979 692 4040 sacramentum
707 3973 925 4057 accipiendum
940 3975 991 4057 pie
1007 3975 1157 4039 accedant
1172 3997 1181 4053 ;
1206 3983 1241 4039 et
