2572 4410
613 318 680 384 260

115 495 276 565 mandatis
291 493 435 579 ejusdem
449 491 587 557 Romani
601 488 770 557 Pontificis
783 511 841 577 pro
854 496 998 578 tempore
1009 493 1182 561 existentis

115 600 157 666 ad
170 594 349 664 universale
364 597 512 662 futurum
527 591 710 661 Concilium
725 593 935 680 appellantia.

160 702 192 766 2.
219 701 363 765 Scienter
389 699 585 764 celebrantes
599 697 650 762 vel
665 695 816 762 celebrari
838 698 997 764 facientes
1020 698 1133 766 divina
1145 701 1182 768 in

115 805 194 870 locis
209 803 249 868 ab
261 802 441 880 Ordinatio,
453 801 503 866 vel
512 800 658 885 delegato
668 796 794 879 iudice,
805 800 856 866 rel
867 803 970 886 ajure
984 803 1181 884 interdictis,

116 914 173 972 aut
187 907 378 971 nominatim
394 904 684 969 excommunicatos
699 904 740 968 ad
754 904 863 969 divina
877 904 989 983 officia,
1007 925 1067 970 seu
1082 907 1181 972 eccle·

115 1009 246 1074 mastica
263 1010 480 1084 Sacramenta,
496 1007 547 1072 vel
573 1006 822 1071 ecclesiasticam
837 1006 1039 1091 sepulturam
1063 1009 1180 1076 admit·

114 1116 232 1191 tentes,
247 1110 456 1175 interdictum
470 1109 510 1173 ab
535 1110 684 1193 ingressu
710 1110 875 1176 Ecclesiae
889 1112 961 1195 ipso
982 1110 1057 1195 jure
1072 1112 1179 1178 incur·

115 1215 203 1293 runt,
220 1214 320 1279 donec
343 1213 383 1278 ad
409 1212 581 1277 arbitrium
596 1213 666 1296 ejus
680 1214 773 1298 cujus
798 1214 991 1278 sententiam
1017 1220 1182 1300 contemp-

116 1322 237 1394 serrmt,
255 1322 470 1401 competenter
485 1314 712 1380 satisfecerint.

158 1417 306 1503 Denique
321 1439 526 1504 quoscunque
555 1418 637 1482 alios
654 1419 899 1484 sacrosanctum
911 1419 1095 1485 Concilium
1111 1418 1180 1485 rri-

114 1521 285 1586 dontinum
301 1542 473 1604 suspensos
488 1526 544 1584 aut
559 1521 748 1586 interdictos
762 1523 833 1606 ipso
844 1522 918 1606 jure
934 1543 1005 1587 esse
1026 1524 1180 1603 decrevit,

114 1644 174 1688 nos
194 1625 265 1708 pari
285 1624 379 1688 modo
400 1624 605 1707 suspensioni
625 1625 676 1689 vel
690 1625 862 1690 interdicto
877 1625 1006 1691 eosdem
1022 1625 1177 1692 obnoxios

114 1726 349 1791 essevolumus
364 1726 397 1792 et
412 1726 622 1790 declaramus.

158 1826 248 1909 Quae
263 1851 336 1894 vero
351 1851 502 1893 censurae
518 1830 583 1893 sive
599 1830 948 1908 excommunicationis,
963 1831 1030 1895 sive
1046 1850 1181 1916 suspeu-

114 1930 224 2009 sionis,
241 1933 308 1997 sive
323 1932 486 1997 interdicti
500 1932 640 2009 Nostris,
659 1939 716 1996 aut
739 1931 1024 1999 Praedeoessorum
1046 1932 1180 1999 Nostro-

113 2054 187 2098 rum
196 2032 501 2112 Oonstitutionibus,
513 2040 569 2098 aut
581 2035 684 2099 saeris
700 2036 876 2101 canonibus
890 2036 1089 2121 praetereas,
1100 2056 1183 2121 quas

113 2140 344 2215 recensuimus,
369 2138 452 2202 latae
483 2143 569 2214 sunt,
606 2139 704 2222 atque
733 2137 892 2202 hactenus
913 2140 948 2202 in
978 2159 1037 2203 suo
1073 2139 1183 2224 vigore

113 2242 323 2323 perstiterunt
339 2241 405 2305 sive
416 2262 473 2325 pro
485 2240 525 2303 R.
539 2240 706 2304 Pontificis
722 2241 886 2319 electione,
900 2243 966 2305 sive
981 2263 1038 2325 pro
1054 2242 1183 2306 interno

113 2345 270 2426 regimine
290 2364 564 2428 quorumcumque
589 2342 750 2409 Ordinum
766 2351 799 2408 et
820 2346 1051 2409 Institutorum
1073 2343 1182 2428 Regu·

113 2444 242 2524 larium,
277 2468 400 2511 necnon
431 2468 705 2532 quorumcumque
736 2445 964 2532 Oollegiorum,
999 2447 1182 2531 Congrege-

113 2548 249 2625 tionum,
266 2550 417 2613 coetuum
432 2550 637 2634 locorumque
647 2551 776 2633 piorum
792 2552 1023 2635 cujuscumque
1037 2549 1182 2614 nominis

113 2655 170 2712 aut
185 2653 312 2732 generis
329 2653 406 2729 sint,
424 2674 478 2716 eas
501 2674 613 2717 omnes
639 2654 753 2718 firmas
770 2674 850 2733 esse,
868 2654 900 2718 et
927 2654 962 2716 in
979 2674 1038 2719 suo
1068 2653 1182 2719 robore

113 2772 298 2836 permanere
313 2754 460 2818 volumus
476 2762 509 2818 et
524 2755 738 2820 declaramus.

158 2854 308 2918 Ceterum
318 2855 530 2936 decernimus,
542 2859 577 2922 in
596 2860 689 2922 novis
701 2858 947 2943 quibuscunque
965 2859 1180 2924 concessioni·

111 2956 174 3021 bus
197 2978 232 3020 ao
253 2958 442 3042 privilegiis,
460 2982 540 3044 quae
565 2961 605 3025 ab
619 2961 805 3046 Apostolica
822 2960 903 3024 Sede
923 2962 1052 3026 concedi
1076 2962 1180 3026 cuivis

112 3060 293 3143 contigerit,
310 3063 399 3125 nullo
410 3064 504 3128 modo
528 3086 563 3128 ac
590 3066 714 3129 ratione
730 3064 871 3148 intelligi
886 3085 1028 3149 unquam
1049 3063 1177 3142 debere,

113 3164 169 3227 aut
184 3184 278 3247 posse
293 3165 519 3249 comprehendi
540 3167 727 3231 facultatem
749 3167 932 3231 absolvendi
948 3187 967 3229 a
981 3165 1123 3243 casibus,
1145 3167 1178 3231 et

113 3269 258 3331 censuris
282 3267 479 3352 quibuslibet
506 3268 651 3334 Romano
674 3271 823 3334 Pontifici
849 3270 1030 3345 reservatis,
1047 3269 1112 3332 nisi
1138 3268 1178 3332 de

113 3369 155 3431 iis
177 3370 330 3448 formalis,
354 3371 515 3455 explicita,
540 3394 575 3436 ae
598 3373 766 3436 individua
797 3372 919 3435 mentio
941 3371 1024 3434 faeta
1054 3371 1176 3434 fuerit:

112 3491 193 3552 quae
207 3493 281 3536 vcro
295 3474 465 3558 privilegia
480 3479 536 3538 aut
551 3476 729 3552 facultates,
749 3475 817 3539 sive
839 3495 858 3537 a
874 3473 1177 3537 Praedeoessoribus

112 3571 251 3651 Nostris,
268 3577 335 3640 sive
361 3578 462 3641 etiam
488 3598 507 3641 a
530 3575 631 3642 Nobis
655 3577 787 3641 cuilibet
801 3577 927 3654 coetui,
946 3574 1072 3653 Ordini,
1091 3576 1175 3640 Con-

113 3679 299 3759 gregationi,
328 3680 492 3757 Societati,
510 3686 543 3744 et
565 3678 732 3757 Instituto,
749 3681 848 3744 etiam
869 3679 1009 3763 regulari
1032 3679 1176 3762 cujusvis

113 3780 241 3862 speciei,
258 3782 320 3845 etsi
334 3782 431 3846 titulo
454 3783 607 3867 peculiari
631 3780 788 3867 praedito,
805 3782 901 3866 atque
927 3782 1026 3846 etiam
1042 3779 1176 3864 speciali

114 3883 277 3948 mentione
299 3884 397 3968 digno
420 3906 438 3948 a
453 3886 565 3970 quovis
580 3906 723 3971 unquam
738 3887 883 3970 tempore
898 3882 964 3950 huo
980 3902 1084 3969 usquo
1100 3904 1176 3949 con·
