2572 4410
632 287 675 352 18

142 464 218 526 tuneo
239 461 423 526 sanciantur
444 458 584 544 regulae,
610 457 728 545 quibus
758 459 939 544 periculum
961 462 1120 529 devitetur
1140 485 1182 531 ne

134 561 196 629 luici
216 563 443 630 ecclesiasticis
464 562 558 628 bonis
576 562 651 646 jure
672 562 758 626 civili
779 563 954 647 potiuntur,
969 568 1181 633 morientibus

128 667 362 733 sacerdotibus:
384 667 464 730 item
475 671 513 729 ut
535 665 617 730 socri
639 665 789 730 Postores
811 667 846 730 in
870 666 997 750 Synodo
1011 670 1181 734 coadunati

125 771 232 836 sedulo
254 770 396 853 cogitent
417 789 523 834 coram
544 766 683 834 Domino
706 768 745 833 de
767 769 840 835 aliis
862 771 1011 836 omnibus
1034 793 1113 856 quae
1127 795 1180 838 ex-

119 873 276 958 perientia
298 872 378 936 duce
400 872 440 936 nd
461 871 597 936 tutelam
629 869 715 950 fidei,
740 873 779 936 ad
800 872 900 938 bonos
930 895 1034 938 mores
1055 896 1180 958 promo-

120 976 253 1054 vendos,
277 973 319 1039 ad
340 975 528 1059 religionem
544 973 801 1058 amplificandum
815 977 973 1059 pertinere
988 978 1179 1055 censuerint,

118 1101 184 1165 quo
204 1078 362 1142 nimirum
384 1076 533 1142 omnibus
554 1078 663 1161 prouti
684 1077 792 1142 divine
812 1079 915 1162 glorio
942 1101 979 1144 sc
1001 1080 1089 1146 selus
1111 1081 1179 1144 ani-

116 1203 247 1247 morum
268 1180 446 1265 postulunt,
471 1180 666 1245 consulatur.

159 1285 253 1348 Haec
284 1283 325 1346 od
359 1289 502 1348 mentem
537 1282 631 1346 esni
663 1282 795 1347 Domini
832 1282 942 1348 Nostri
973 1282 1180 1350 Eminentiue

115 1389 208 1452 Tuae
245 1384 456 1470 significando
488 1385 657 1465 habebam,
681 1392 776 1472 etque
808 1388 938 1452 interim
970 1409 1085 1453 munus
1106 1395 1180 1453 tues

112 1489 302 1556 humillime
326 1489 501 1554 deosculor.

158 1610 283 1674 Romae
294 1631 334 1674 ex
344 1610 413 1674 ced.
428 1607 462 1676 S.
476 1607 596 1693 Gong¹⁸·
609 1608 649 1672 de
660 1602 725 1670 1³⁶⁸·
737 1606 819 1675 Fide
830 1610 880 1674 die
891 1610 912 1674 2
923 1610 946 1674 J
946 1612 1015 1675 unii
1034 1613 1126 1680 1873.

487 1745 693 1809 Eminentice
716 1745 804 1810 Tute

322 1878 538 1946 Humillimns
553 1887 649 1965 atque
664 1877 905 1946 addictissimus
920 1881 1061 1946 famulus
1072 1903 1177 1960 verus,

696 1998 757 2064 An.
775 2000 876 2064 01111).
892 2001 1058 2079 Β111111110,
1075 2000 1135 2067 Pr.

362 2151 427 2218 Pro
449 2150 490 2216 R.
503 2152 539 2215 P.
552 2149 594 2215 D.
609 2152 786 2216 Secretorio
798 2152 939 2230 absente,

282 2273 453 2337 domnus
475 2269 581 2337 criu.
605 2273 794 2350 Rmrnmm,
819 2271 853 2335 S.
870 2270 990 2355 Oong¹⁵²
1013 2267 1177 2336 Officislis.

160 2461 380 2526 P.S.—Mitto
395 2461 436 2524 ud
456 2458 678 2524 Eminentiem
696 2461 798 2523 Tuom
820 2455 980 2539 exemplar
1001 2451 1178 2518 literaruml

116 2585 199 2648 ques
212 2565 264 2629 die
276 2567 296 2630 9
308 2563 329 2630 J
330 2564 400 2627 unii
415 2561 507 2641 1863,
519 2563 703 2628 scribendas
723 2561 834 2646 putavi
857 2581 952 2643 snper
973 2557 1178 2621 morientium

115 2668 309 2732 adsistentia
329 2686 388 2750 per
409 2666 588 2732 sacerdotes
609 2664 832 2748 promovendo,
855 2669 893 2728 ut
914 2661 1060 2727 videlicet
1081 2659 1179 2724 etiem

114 2770 218 2855 hujus
239 2771 288 2836 rei
308 2770 344 2834 in
366 2771 475 2834 futuro
498 2768 624 2851 Synodo
646 2767 800 2831 habentur
821 2766 913 2831 ratio.

433 2966 516 3017 ¹Vids
526 2967 644 3032 Append
656 2967 734 3016 XXV.
746 2981 804 3030 pog.
816 2966 873 3015 348.
