2572 4410
601 353 665 416 184

111 523 187 590 lieet
200 523 399 607 temporibus
414 525 582 601 celebrato,
596 524 791 608 amplissimi
806 526 1036 606 provenerunt.
1075 523 1171 589 Hine

113 623 200 689 enim
235 621 441 687 sanctissima
475 621 640 704 religionis
672 624 825 710 dogmata
848 631 995 710 pressius
1025 627 1171 694 definita

113 727 306 808 uberiusque
320 727 474 808 exposita,
490 744 613 788 errores
629 724 776 792 damnati
792 736 888 812 atque
903 727 1040 794 cohibiti
1053 753 1062 806 ;
1086 730 1171 794 hinc

113 830 323 894 ecclesiastica
338 826 506 911 disciplina
520 830 673 894 restituta
684 830 873 916 firmiusque
886 833 1021 908 sancita,
1035 853 1170 914 promo-

112 939 186 996 tum
200 933 235 995 in
252 928 344 994 Olero
360 929 511 993 scientiae
527 932 559 994 et
581 932 715 1013 pietatis
739 931 897 1010 studium,
914 941 1025 1015 parata
1040 934 1171 997 adoles·

114 1035 260 1100 centibus
275 1034 315 1096 ad
331 1052 454 1096 sacram
469 1034 619 1097 militiam
634 1035 807 1098 educandis
830 1036 973 1119 collegia,
998 1032 1171 1098 christiani

114 1139 249 1220 denique
264 1137 374 1220 populi
389 1158 494 1200 mores
509 1138 541 1201 et
557 1139 749 1202 accuratiore
764 1137 908 1202 fidelium
932 1139 1113 1202 eruditione
1138 1145 1171 1200 et

113 1241 325 1323 frequentiore
341 1245 611 1302 sacramentorum
626 1261 689 1303 usu
711 1241 895 1304 instaurati.
941 1239 1029 1303 Hinc
1043 1245 1169 1322 praete·

112 1363 166 1405 rea
194 1341 308 1403 arctior
336 1340 550 1403 membrorum
579 1359 654 1404 eum
683 1342 803 1405 visibili
826 1342 938 1424 Capite
961 1342 1163 1416 commuuio,

112 1444 325 1524 universoque
354 1443 479 1524 corpori
501 1442 622 1505 Christi
644 1443 779 1524 mystico
801 1443 930 1506 additus
954 1444 1063 1525 vigor3
1087 1443 1167 1506 hinc

115 1545 280 1627 religiosae
309 1542 540 1625 multiplicatae
564 1544 714 1619 familiae,
739 1544 864 1627 aliaque
887 1545 1085 1608 christianae
1100 1545 1169 1628 pie·

114 1646 192 1709 tatis
206 1645 375 1719 instituta;
399 1644 474 1706 hinc
489 1644 544 1707 ille
559 1645 656 1707 etiam
672 1645 822 1708 assiduus
845 1647 877 1709 ct
900 1667 1002 1728 usque
1025 1646 1069 1708 ad
1094 1665 1169 1709 san-

115 1749 224 1832 guinis
238 1745 426 1811 effusionem
442 1753 592 1810 constans
608 1749 703 1811 ardor
718 1749 753 1811 in
770 1746 893 1812 Christi
908 1769 1006 1842 regno
1021 1748 1089 1812 late
1107 1769 1168 1831 per

11 1914 13 1919 .
115 1854 225 1918 orbem
239 1849 452 1934 propagando.

157 1954 388 2020 Verumtamen
399 1953 477 2016 haec
488 1953 612 2036 aliaque
624 1954 765 2037 insignia
775 1953 1002 2029 emolumenta,
1015 1971 1099 2036 quae
1110 1974 1171 2036 per

116 2057 264 2124 ultimam
279 2057 420 2120 maxime
435 2054 673 2120 oecumenicam
691 2055 857 2139 Synodnm
872 2055 980 2120 divina
994 2057 1171 2120 clementia

116 2160 281 2224 Ecclesiae
296 2159 412 2241 largita
427 2163 485 2232 cst,
502 2158 579 2220 dum
595 2164 700 2239 grato,
718 2177 781 2240 quo
796 2179 853 2239 par
868 2158 929 2232 est,
947 2153 1056 2219 animo
1079 2175 1169 2220 reco-

116 2262 237 2339 limus;
263 2262 411 2325 acerbum
434 2280 632 2343 compescere
658 2260 749 2323 haud
763 2279 936 2343 possumus
960 2260 1106 2323 dolorem
1129 2262 1170 2324 ob

117 2367 203 2429 mala
215 2365 411 2446 gravissima,
420 2361 496 2424 inde
507 2363 810 2445 potissimumorta,
818 2364 1054 2446 quodejusdem
1065 2382 1169 2426 sacro-

118 2470 246 2531 sanctae
264 2466 383 2548 Synodi
398 2466 483 2546 apud
497 2465 677 2547 permultos
699 2465 751 2529 vel
774 2467 946 2529 auctoritas
969 2467 1168 2548 contempta,

118 2570 167 2634 vel
183 2569 423 2651 sapientissima
438 2567 585 2649 neglecta
603 2569 694 2631 fuere
710 2568 849 2631 decreta.

161 2673 265 2735 Nemo
289 2671 377 2733 enim
400 2671 536 2752 ignorat,
558 2671 721 2747 haereses,
747 2690 827 2754 quas
855 2668 1037 2733 Tridentini
1059 2672 1170 2753 patres

119 2759 387 2859 proscripserunt,
405 2775 496 2849 dum,
512 2777 630 2857 rejecto
654 2775 762 2839 divino
787 2773 941 2838 ecclesiae
967 2777 1169 2856 magisterio

118 2898 172 2942 res
182 2879 221 2941 ad
230 2879 417 2960 religionem
428 2878 607 2959 spectantes
620 2876 738 2959 privati
750 2879 891 2961 cujusvis
899 2878 1021 2961 judicio
1033 2881 1171 2959 permit-

119 2988 273 3055 terentur,
290 2980 324 3042 in
347 2985 448 3042 sectas
473 2979 641 3061 paullatim
666 2980 840 3043 dissolutas
861 2998 931 3041 esse
957 2975 1171 3060 multiplioee,

119 3082 235 3169 quibus
250 3082 337 3146 iuter
361 3103 394 3144 se
415 3081 682 3145 dissentientibus
706 3083 739 3146 et
765 3079 1036 3157 concertantibus,
1062 3081 1174 3146 omnis

118 3188 251 3253 tandem
267 3187 302 3249 in
318 3183 487 3249 Christum
502 3185 581 3248 fides
597 3185 681 3267 apud
696 3207 760 3248 non
773 3204 891 3267 paucos
903 3184 1094 3247 labefactata
1108 3188 1173 3250 est.

119 3294 234 3375 Itaque
248 3293 322 3372 ipsa
338 3310 425 3353 sacra
439 3285 556 3363 Biblia,
574 3309 654 3370 quae
669 3290 766 3352 antea
788 3287 984 3351 christianae
1007 3287 1174 3350 doctrinae

120 3393 235 3460 unicus
250 3393 324 3457 fons
346 3400 380 3456 et
397 3391 499 3474 judex
520 3393 758 3468 asserebantur,
780 3393 849 3474 jam
875 3412 940 3454 non
966 3410 1026 3472 pro
1050 3389 1174 3455 divinis

119 3498 242 3573 haberi,
258 3499 324 3560 imo
340 3496 488 3578 mythicis
500 3497 693 3560 commentis
708 3495 870 3558 accenseri
884 3494 1067 3575 coeperunt.

166 3603 248 3665 Tum
264 3607 339 3664 nata
353 3605 405 3664 est
417 3605 449 3662 et
463 3600 529 3662 late
544 3598 643 3662 nimis
653 3598 834 3682 per-orbem
849 3602 964 3679 vagata
978 3593 1034 3658 illa
1048 3591 1173 3660 ration-

122 3709 228 3775 aiismi
244 3731 300 3773 seu
314 3707 520 3771 naturalismi
535 3701 688 3779 doctrina,
706 3722 788 3786 quae
810 3699 960 3783 religioni
977 3697 1173 3763 christianae

48 3890 53 3903 ¹
123 3816 233 3897 utpote
249 3806 485 3894 supernaturali
496 3806 648 3871 instituto
658 3823 715 3886 per
727 3807 838 3869 omnia
848 3803 1031 3878 adversans,
1043 3822 1173 3866 summo

123 3916 233 3983 studio
248 3912 392 3992 molitur,
409 3915 446 3978 ut
462 3911 603 3990 Christo,
620 3907 676 3993 qui
692 3910 779 3974 solus
794 3907 954 3991 Dominus
970 3909 1003 3972 ct
1021 3904 1174 3971 Salvator
