2572 4410
598 273 660 337 195

148 463 181 528 h.
206 461 242 525 Si
256 462 329 545 quis
344 461 469 536 dixerit,
486 458 557 524 fieri
571 480 637 524 non
650 481 754 543 posse,
772 467 829 524 aut
847 482 912 526 non
934 463 1091 547 expedire,
1114 471 1153 529 ut

101 584 162 649 per
185 564 412 628 revelationem
438 563 578 627 divinam
593 563 690 627 homo
708 564 747 627 de
771 564 851 643 Deo,
877 565 1030 650 cultuque
1054 568 1085 630 ei
1098 586 1151 631 ex·

102 667 244 731 hibendo
259 665 445 742 edoceatur;
469 666 638 729 anathema
653 668 706 730 sit.

149 771 181 834 8.
207 769 242 831 Si
258 769 332 853 quis
346 769 472 844 dixerit,
488 769 653 832 hominem
675 770 716 833 ad
737 769 952 852 cognitionem
977 774 1011 833 et
1032 771 1172 853 perfec·

102 873 238 948 tionem,
255 893 336 954 quae
350 871 530 934 naturalem
546 877 685 953 superet,
698 872 852 935 divinitus
866 871 957 935 evehi
970 893 1035 935 non
1045 894 1151 956 posse,

103 975 162 1038 sed
176 997 215 1037 ex
230 974 333 1056 seipso
348 973 389 1035 ad
404 974 510 1036 omnis
524 974 654 1037 tandem
673 974 742 1038 veri
763 980 796 1037 et
816 973 893 1038 boni
914 975 1151 1056 possessionem

97 1077 173 1162 jugi
187 1076 331 1159 profectu
345 1075 526 1158 pertingere
541 1096 636 1157 posse
652 1082 685 1139 et
700 1076 833 1152 debere;
858 1076 1027 1140 anathema
1042 1078 1096 1141 sit.

146 1180 179 1241 4.
206 1178 241 1240 Si
256 1178 328 1260 quis
341 1198 445 1240 sacrae
460 1174 642 1261 scripturae
651 1177 751 1242 libros
762 1179 904 1262 integros
916 1199 989 1242 cum
1000 1177 1151 1242 omnibus

103 1281 173 1344 suis
187 1279 344 1363 partibus,
357 1285 452 1362 prout
465 1279 539 1343 illos
555 1287 665 1343 saneta
679 1280 867 1344 Tridentino
880 1278 1028 1363 Synodus
1042 1301 1150 1344 recen-

103 1384 180 1458 suit,
193 1401 252 1464 pro
262 1382 361 1445 sacris
373 1387 406 1445 et
417 1383 577 1445 canonicis
588 1403 652 1445 non
664 1385 847 1467 susceperit,
860 1389 916 1447 aut
927 1404 982 1448 eoa
996 1383 1150 1448 divinitus
1175 1421 1176 1426 κ

102 1485 279 1568 inspiratos
293 1504 363 1548 esse
377 1484 556 1566 negaverim
581 1484 750 1548 anathema
765 1486 819 1550 sit.

504 1716 646 1763 m.-nu
661 1716 751 1764 nnn.

148 1883 180 1944 1.
205 1848 333 1965 Siquis
356 1883 480 1960 dixerit,
497 1886 652 1948 rationem
673 1883 848 1947 humanam
869 1885 916 1947 ita
936 1882 1150 1980 independen-

99 1991 169 2047 tem
184 2004 265 2062 esse,
281 1991 319 2049 ut
333 1982 413 2049 fides
428 1987 458 2049 ei
473 2008 492 2048 a
506 1988 574 2050 Deo
588 1986 738 2069 imperari
753 2006 817 2049 non
829 1987 952 2069 possit3
980 1987 1151 2050 anathema

102 2087 157 2150 sit.

148 2190 181 2251 2.
205 2190 240 2252 Si
255 2190 328 2273 quis
343 2189 469 2266 dixerit,
486 2191 582 2254 fidem
605 2191 744 2254 divinam
766 2212 785 2253 a
806 2190 945 2254 naturali
967 2190 1005 2254 de
1027 2189 1096 2253 Deo
1118 2194 1151 2252 et

100 2291 199 2355 rebus
229 2292 404 2356 moralibus
429 2294 562 2355 scientia
586 2312 652 2356 non
678 2293 844 2374 distingui,
861 2314 897 2356 ac
920 2299 1089 2376 propterea
1111 2291 1151 2354 ad

102 2395 199 2458 fidem
214 2395 354 2458 divinam
369 2413 435 2457 non
450 2396 581 2477 requiri,
599 2401 637 2458 ut
650 2395 789 2458 revelata
803 2397 920 2459 veritas
935 2401 1065 2478 propter
1077 2413 1152 2457 aue·
1265 2414 1273 2424 ·

102 2498 266 2560 toritatem
281 2495 344 2559 Dei
358 2497 530 2560 revelantis
546 2496 712 2576 credatur3
737 2498 906 2560 anathema
923 2499 975 2561 sit.

147 2601 179 2662 3.
207 2597 242 2663 Si
259 2599 332 2681 quis
347 2597 473 2673 dixerit,
490 2599 716 2663 revelationem
732 2600 871 2662 divinam
887 2601 1026 2662 externis
1049 2600 1150 2680 signis

103 2700 287 2764 credibilem
302 2701 370 2764 fieri
385 2721 450 2763 non
471 2721 577 2782 posse,
593 2702 728 2785 ideoque
754 2702 823 2766 eola
846 2703 973 2764 interna
997 2703 1151 2786 cujusque
1218 2746 1220 2750 -

104 2804 299 2885 experientia
324 2809 381 2867 aut
410 2803 621 2884 inspiratione
652 2806 775 2888 privata
804 2804 956 2868 homines
984 2804 1024 2867 ad
1054 2803 1150 2866 fidem

104 2906 224 2969 moveri
239 2904 369 2980 debere;
394 2905 563 2968 anathema
578 2907 632 2969 sit.

147 3009 180 3070 4.
207 3005 242 3071 Si
257 3009 330 3090 quis
345 3008 470 3082 dixerit,
487 3008 640 3071 miracula
654 3008 744 3071 nulla
757 3005 828 3071 fieri
842 3028 945 3090 posse,
954 3007 1152 3089 proindeque

105 3129 216 3173 omnes
237 3110 276 3172 de
299 3111 340 3172 iis
367 3110 577 3186 narrationes,
595 3111 692 3174 ctiam
717 3111 752 3173 in
777 3131 865 3173 sacra
891 3110 1054 3191 Scriptura
1076 3129 1148 3171 con·

104 3217 221 3286 tentas,
247 3213 332 3274 inter
357 3211 481 3275 fabulas
507 3213 557 3275 vel
585 3211 716 3295 mythos
745 3212 935 3294 ablegandae
964 3231 1034 3274 esse
1046 3232 1056 3286 ;
1094 3217 1151 3274 aut

104 3314 259 3378 miracula
272 3320 358 3376 certo
380 3316 529 3396 cognosci
553 3335 720 3398 nunquam
743 3336 846 3397 posse,
864 3335 922 3377 nec
945 3314 986 3376 iis
1008 3312 1149 3375 divinam

104 3416 268 3499 religionis
285 3417 476 3480 christianae
492 3418 647 3501 originem
667 3419 727 3481 rite
741 3416 868 3500 probari
877 3438 886 3493 ;
910 3414 1080 3479 anathema
1094 3417 1147 3479 sit

149 3521 180 3583 5.
207 3519 241 3581 Si
256 3520 330 3601 quis
345 3519 472 3595 dixerit,
490 3541 657 3584 assensum
679 3520 753 3583 fidei
776 3518 968 3582 christianae
990 3539 1054 3580 non
1078 3538 1149 3582 esse

104 3621 253 3698 liberum,
271 3622 327 3685 scd
342 3624 544 3704 argumentis
554 3622 713 3685 humanae
728 3622 862 3684 rationis
883 3622 1062 3684 necessario
1077 3641 1149 3703 pro-

104 3724 198 3799 duci;
234 3729 290 3788 aut
312 3724 351 3786 ed
374 3723 474 3788 solam
496 3722 592 3788 fidem
621 3725 735 3798 vivam,
766 3744 846 3806 quae
874 3744 931 3806 por
960 3722 1148 3786 charitatem

105 3832 261 3909 operatur,
279 3827 414 3909 gratiam
429 3825 490 3890 Dei
505 3828 717 3892 necessariam
732 3847 821 3906 esae3
844 3824 1013 3889 anathema
1028 3825 1082 3888 sit.
