2572 4410
611 343 675 407 198

118 517 215 592 esset,
232 517 265 580 et
278 538 336 600 per
350 516 560 580 cohaerentes
584 513 647 578 sibi
670 515 806 581 invicem
831 516 1011 580 sacerdotes
1034 515 1165 580 creden·

117 620 203 683 tium
218 620 394 685 multitudo
405 620 556 682 universa
571 619 605 680 in
627 618 702 680 fidei
724 619 758 680 et
779 620 1015 682 communionis
1037 621 1167 683 unitate

118 730 368 799 conservaretur,
385 721 520 785 beatum
535 719 669 784 Petrum
684 721 821 783 caeteris
843 720 1008 804 Apostolis
1029 741 1167 805 praepo·

118 844 202 887 nens
216 823 251 887 in
265 827 336 908 ipso
350 826 443 887 instit
468 825 492 886 't
513 828 705 906 perpetuum
726 819 893 906 utriusque
915 815 1055 888 unitatis
1076 822 1168 907 prin·

118 927 238 1010 cipium
253 948 289 990 ac
303 927 428 990 visibile
443 927 700 1000 fundamentum,
717 944 814 1008 super
828 927 920 1008 cujus
939 924 1167 989 fortitudinem

118 1035 288 1093 aeternum
310 1035 511 1092 ext-rueretur
533 1028 700 1110 templum,
726 1029 758 1090 et
779 1025 942 1090 Ecclesiae
968 1029 1055 1091 coelo
1071 1027 1167 1126 ‘infe-

117 1131 216 1194 renda
231 1132 415 1195 sublimitas
429 1133 464 1194 in
479 1130 579 1214 hujus
594 1129 671 1193 fidei
685 1131 837 1193 firmitate
849 1130 1079 1211 consurgeret.l
1117 1129 1169 1195 Et

118 1235 272 1317 quoniam
287 1241 400 1316 portae
415 1235 511 1297 inferi
526 1232 569 1297 ad
583 1231 801 1307 evertendam,
820 1232 848 1294 si
863 1232 934 1294 fieri
954 1234 1076 1314 posset,
1100 1231 1168 1297 Ec-

117 1335 251 1398 clesiam
262 1341 373 1399 contra
381 1334 451 1417 ejus
460 1336 704 1399 fundamentum
720 1333 878 1397 divinitus
889 1336 1032 1417 positum
1047 1336 1168 1418 majori

117 1439 152 1501 in
167 1438 236 1501 dies
251 1439 323 1501 odio
345 1437 488 1519 undique
508 1439 707 1520 insurgunt3
734 1437 804 1501 Nos
826 1436 866 1499 ad
887 1437 1035 1501 catholici
1057 1440 1168 1522 gregis

116 1540 305 1616 custodiam,
321 1540 588 1616 incolumitatem,
605 1546 826 1624 augmentum,
850 1541 1069 1603 necessarium
1092 1559 1168 1605 esse

113 1640 308 1724 judicamus,
326 1661 415 1706 sacro
434 1643 629 1726 approbante
653 1640 806 1718 Concilio,
824 1631 1000 1706 doctrinam
1015 1642 1054 1705 de
1069 1644 1167 1706 insti-

116 1745 252 1819 tutione,
268 1746 492 1828 perpetuitate,
509 1767 545 1810 ac
566 1748 685 1810 natura
700 1747 780 1808 sacri
795 1744 971 1828 Apostolici
992 1746 1165 1831 primatus,

116 1846 152 1909 in
167 1866 230 1929 quo
245 1847 346 1910 totius
368 1847 530 1911 Ecclesiae
550 1849 599 1913 vis
621 1869 657 1911 ac
680 1847 829 1910 soliditas
855 1848 1015 1922 consistit,
1038 1848 1167 1910 cunctis

116 1948 266 2013 fidelibus
291 1949 481 2013 credendam
510 1957 543 2013 et
571 1950 755 2024 tenendam,
787 1947 968 2013 secundum
998 1950 1165 2032 antiquam

116 2051 211 2135 atque
225 2053 427 2116 constantem
448 2052 640 2116 universalis
661 2051 826 2114 Ecclesiae
847 2049 945 2114 fidem
971 2070 1164 2134 proponere,

115 2159 210 2236 atque
232 2156 408 2218 contrarios
430 2152 589 2218 dominico
610 2156 700 2238 gregi
722 2152 801 2218 adeo
819 2155 1016 2236 perniciosos
1039 2173 1164 2218 errores

114 2257 312 2340 proscribere
327 2258 359 2320 et
374 2258 599 2322 condemnare.

547 2503 692 2570 CAPUT
713 2504 742 2570 I.

150 2658 194 2702 DE
209 2657 396 2703 mosromcl
410 2659 571 2704 ramerus
587 2662 622 2705 IN
636 2662 740 2706 BEATO
755 2661 860 2706 Pareo
875 2662 1118 2711 INSTITUTIONE.

157 2766 318 2830 Doeemus
340 2767 447 2850 itaque
471 2768 503 2830 et
528 2768 736 2846 declaramus,
759 2768 853 2851 juxta
878 2770 1048 2856 Evangelii
1070 2778 1162 2841 testi-

114 2869 222 2931 monia
236 2865 411 2951 primatum
423 2870 659 2953 jurisdictionis
668 2873 702 2934 in
713 2874 895 2935 universam
906 2875 966 2937 Dei
980 2875 1163 2943 Ecclesiam

113 2970 296 3033 immediate
322 2975 354 3033 et
383 2972 500 3036 directe
530 2973 623 3037 beato
650 2974 746 3037 Petro
772 2974 928 3057 apostolo
964 2981 1162 3060 promissum

113 3079 209 3155 atque
231 3072 384 3137 collatum
406 3096 424 3137 a
447 3073 577 3139 Christo
599 3075 738 3140 Domino
768 3078 880 3140 fuisse.
938 3080 1049 3143 Unum
1073 3085 1162 3148 euim

115 3171 292 3250 Simonem,
309 3177 360 3239 cui
371 3177 440 3258 jam
454 3178 578 3259 pridem
593 3177 733 3242 dixerat:
759 3179 809 3242 Tu
824 3179 985 3245 vocaberis
1008 3181 1163 3267 (lephas,²

112 3277 283 3358 postquam
297 3278 352 3341 ille
368 3299 459 3342 suam
474 3279 574 3342 edidit
594 3282 828 3344 confessionem
852 3283 1025 3365 inquiens:
1052 3288 1102 3350 Tu
1123 3309 1161 3354 es

113 3375 274 3453 Christus,
291 3377 396 3442 Filius
411 3380 471 3442 Dei
486 3382 559 3457 vivi,
579 3382 778 3447 solemnibus
796 3383 849 3446 his
872 3385 977 3448 verbis
988 3452 991 3456 ,
1001 3388 1163 3454 allocutus

113 3480 164 3543 est
179 3477 359 3545 Dominus:
379 3481 499 3545 Beatus
527 3505 562 3546 es
586 3484 697 3547 Simon
720 3485 904 3549 Bar-Jona:
929 3489 1004 3570 quia
1026 3511 1111 3568 caro,
1129 3501 1163 3557 et

112 3582 245 3662 sanguis
270 3603 335 3645 non
358 3584 508 3648 revelavit
530 3584 603 3661 tibi,
621 3586 677 3649 sed
700 3587 797 3650 Pater
820 3609 923 3664 meus,
942 3592 1047 3672 quiin
1063 3595 1163 3659 coelis

112 3689 184 3746 est:
208 3688 241 3745 et
262 3703 321 3765 ego
344 3685 414 3749 dico
435 3686 507 3762 tibi,
530 3689 605 3770 quia
627 3695 664 3751 tu
687 3710 722 3751 es
746 3690 871 3766 Petrus,
895 3693 928 3756 et
952 3712 1050 3775 super
1076 3696 1161 3761 banc

112 3789 234 3868 petram
257 3786 428 3850 aedificabo
450 3786 628 3852 Ecclesiam
650 3811 764 3866 meam,
790 3798 823 3854 et
843 3795 954 3875 portae
977 3796 1072 3860 inferi
1094 3820 1161 3864 nou

112 3907 121 3944 ¹
136 3907 162 3958 S.
175 3908 235 3966 Iao,
247 3908 284 3957 Μ.
297 3923 375 3958 serm.
386 3908 420 3958 iv.
431 3911 474 3973 (al.
485 3911 541 3974 iii),
553 3927 607 3976 cap.
619 3917 642 3973 2,
655 3914 683 3963 in
695 3915 763 3966 diem
775 3917 875 3966 Natalis
886 3919 936 3967 sui.
972 3919 1099 3971 ‘Jesnssa
1114 3926 1149 3972 42
