2572 4410
651 319 811 382 48·

409 571 473 634 Dte
489 572 530 634 15
545 569 744 650 Septembris,
761 569 862 632 Ferte
874 570 935 633 IV.

194 707 283 772 Hora
305 707 426 771 decima
455 728 529 770 curn
557 705 689 769 dimidio
711 711 786 768 ante
807 704 971 769 meridiem
993 703 1097 768 habiti
1119 709 1196 768 sunt

151 809 404 896 Deputationum
420 808 612 875 Conventus.

196 1039 512 1106 OONGREGATIO
539 1038 734 1103 PRIVATA
755 1035 1151 1104 DECIMASEOUNDA.

194 1187 319 1250 Eodem
344 1185 395 1249 die
417 1184 495 1248 hora
521 1185 659 1247 secunda
679 1187 753 1246 cunr
776 1183 909 1249 dimidio
934 1191 1007 1269 post
1030 1184 1198 1248 meridiem

151 1293 367 1354 convenerunt
382 1286 492 1350 Patres
507 1306 580 1349 cum
595 1283 792 1350 officialibus.

195 1391 339 1454 Perlecto
369 1389 590 1458 aSecretario
612 1390 717 1473 capite
739 1390 777 1453 de
792 1411 869 1453 care
893 1389 1134 1471 Defunctorura,
1159 1395 1198 1453 ut

149 1489 270 1579 judicio
299 1493 432 1556 Patrum
462 1492 678 1574 subjiceretur,
703 1499 812 1556 exorta
837 1494 886 1557 est
924 1493 1134 1557 controversia
1156 1491 1197 1555 de

153 1595 285 1660 articulo
311 1596 459 1685 secundo.
514 1594 623 1659 Voluit
647 1596 827 1679 Episcopus
851 1595 1008 1660 Midensis
1032 1601 1069 1658 ut
1093 1592 1198 1658 Missa
1243 1635 1246 1640 -

154 1699 308 1764 solemnis
334 1705 366 1762 et
386 1698 525 1762 officium
550 1719 607 1781 pro
632 1696 811 1776 Defunotis,
832 1701 866 1762 in
892 1697 1040 1763 domibus
1064 1698 1198 1781 privatis

153 1800 302 1864 celebrari
316 1801 552 1883 permitteretur
567 1801 680 1864 saltem
694 1802 728 1864 in
744 1823 819 1866 casu
834 1822 896 1885 qno
919 1801 1034 1864 domus
1048 1801 1142 1881 longe
1157 1799 1197 1863 ab

153 1905 297 1968 Ecclesia
312 1904 454 1968 distaret.
499 1902 589 1983 Quod
604 1910 722 1980 tamen,
740 1926 813 1967 oum
835 1911 909 1988 post
923 1903 1049 1967 brevem
1072 1902 1194 1984 discep-

152 2008 307 2071 tationem
323 2007 363 2070 ad
379 2006 565 2089 suffragium
579 2013 766 2089 perventum
781 2013 875 2084 esset,
901 2005 1049 2069 Patribus
1063 2005 1199 2068 minime

153 2110 274 2193 placuit
286 2133 295 2188 ;
341 2108 558 2172 annuentibus
595 2109 724 2172 tantum
755 2108 869 2186 tribus,
907 2106 1199 2172 contradicentibus

154 2219 261 2277 autem
275 2213 391 2296 viginti
406 2213 556 2296 quinque.
601 2213 713 2295 Itaque
727 2218 852 2294 recepto
867 2210 929 2276 hoc
945 2211 1078 2274 articulo
1101 2217 1139 2274 ut
1160 2211 1197 2273 in

155 2315 315 2378 schemate
336 2315 521 2398 propositus
536 2321 612 2390 erat,
630 2315 744 2377 caeteri
766 2315 910 2396 ejusdem
933 2313 1047 2397 capitis
1071 2312 1199 2376 articuli

154 2416 194 2479 ad
208 2417 364 2481 trutinam
378 2417 516 2480 revocati
531 2418 606 2480 sunt
622 2423 716 2500 atque
730 2425 806 2480 voce
820 2417 967 2480 unanimi
981 2412 1117 2499 probati.

197 2518 275 2581 Post
297 2517 369 2595 hoc,
394 2516 554 2581 schemate
575 2517 613 2580 de
640 2518 803 2582 catholice
817 2518 981 2600 juventute
1003 2517 1200 2581 instituendo

153 2620 189 2682 in
210 2619 352 2682 medium
374 2619 508 2702 prolato,
531 2620 648 2682 iterum
670 2621 809 2682 examini
833 2620 964 2684 Patrum
986 2627 1129 2685 revocata
1150 2626 1200 2685 est

153 2721 205 2784 lex
224 2721 325 2803 pridie
345 2721 467 2785 sancita
487 2742 549 2804 qua
569 2719 713 2785 districte
732 2721 931 2804 prohibitum
946 2730 995 2787 est
1009 2744 1050 2786 ne
1066 2725 1199 2806 juvenes

148 2823 294 2904 xGoldepc‘o
303 2824 684 2906 RepinoeeutCollepiom
695 2822 1199 2890 ProtectontieamSSr'aoeTriai·

153 2926 229 2988 tutia
244 2925 490 3010 frequentarent,
507 2933 539 2989 et
553 2948 594 2990 ne
615 2933 762 3009 parentes
777 2935 833 2991 aut
847 2935 970 2992 tutores
988 2930 1122 3012 juvenes
1138 2928 1201 2991 sibi

69 3050 72 3056 ⁴
156 3029 342 3092 commissos
357 3028 400 3093 ed
415 3050 451 3092 ea
465 3029 640 3093 mitterent.
686 3030 733 3092 Re
756 3031 878 3094 diutius
894 3051 1025 3094 excussa
1049 3029 1198 3094 Patribus

154 3131 257 3213 magis
273 3132 418 3214 expedire
431 3132 537 3195 visum
552 3139 601 3195 est
616 3139 663 3208 ut,
679 3132 798 3215 Synodi
814 3132 1044 3196 Thurlesianae
1054 3132 1201 3215 vestigiis

153 3232 368 3309 inhaerentes,
399 3235 518 3298 omissa
548 3235 690 3298 districta
724 3235 948 3318 prohibitione,
976 3234 1202 3298 denuntiarent

154 3341 282 3399 tantum
296 3336 438 3419 pericula
460 3338 602 3421 graviora
618 3337 734 3421 quibus
757 3344 962 3420 exponuntur
977 3338 1032 3421 qui
1047 3336 1125 3401 haec
1139 3335 1201 3400 fre-

154 3444 309 3520 quentant
320 3437 464 3520 collegia.

197 3540 260 3603 His
276 3542 471 3619 constitutis,
488 3549 520 3605 et
543 3541 655 3605 deletis
679 3541 868 3625 quibusdam
891 3542 963 3606 aliis
985 3540 1085 3624 hujus
1112 3542 1202 3605 sche-

154 3643 249 3705 matis
266 3644 418 3721 articulis,
436 3665 509 3708 cum
531 3645 747 3727 perveniretur
763 3645 802 3707 ad
818 3652 913 3727 caput
929 3645 967 3708 de
983 3645 1202 3710 Universitate

94 3785 98 3793 ι
155 3740 328 3822 Catholica,
339 3746 418 3810 hora
424 3747 493 3829 jam
502 3768 570 3811 sera
579 3746 678 3810 dilata
693 3747 789 3811 estin
801 3747 899 3810 alium
910 3748 995 3811 diem
1006 3747 1201 3812 deliberatio

198 3847 292 3912 Dicta
306 3850 438 3933 proinde
453 3852 595 3915 oratione
610 3852 708 3915 finem
723 3851 807 3933 cepit
823 3850 1047 3935 Congregatio.
