2572 4410
622 343 665 410 87

114 547 241 592 versam
264 530 396 603 exercet,
421 524 574 608 Episcopi
596 529 704 588 autem
723 523 758 587 in
781 543 840 588 sua
861 522 996 607 quisque
1018 523 1166 600 dioecesi,

115 631 264 694 Vicarius
287 629 440 713 Episcopi
460 628 626 692 Generalis
659 629 752 711 cujus
777 648 851 691 eum
879 627 1038 711 Episcopo
1067 648 1169 691 unum

115 730 265 814 idemque
288 736 338 794 est
359 728 528 808 tribunal;·
544 749 668 793 necnon
694 729 831 793 Praelati
846 729 1007 813 regulares
1032 729 1067 792 in
1094 749 1170 794 suos

118 832 276 898 subditos.

160 935 215 998 92.
240 931 392 1010 Quamvis
410 931 488 996 baec
501 937 653 1016 potestas,
670 936 707 995 ut
720 931 824 996 verbis
839 931 975 996 Consilii
990 930 1170 994 Tridentini

118 1042 259 1112 utemur,
287 1054 402 1099 nervus
426 1035 469 1099 sit
490 1034 719 1099 ecclesiasticae
742 1034 929 1118 disciplinae
956 1042 989 1098 et
1009 1034 1049 1098 ad
1069 1035 1169 1099 conti·

116 1137 397 1202 nendosinofficio
405 1137 539 1222 populos
548 1137 639 1202 valde
649 1137 914 1216 saluteris,sobrie
922 1144 1031 1202 tamen
1040 1158 1170 1221 magna·

116 1261 178 1324 que
194 1241 479 1323 circumspectione
493 1239 666 1305 exercenda
681 1247 741 1318 est,
757 1261 830 1304 cum
846 1242 1039 1324 experientia
1048 1240 1170 1320 doceat,

115 1343 147 1406 si
168 1347 291 1405 temere
314 1347 370 1405 aut
392 1341 516 1406 levibus
541 1364 581 1406 ex
600 1343 695 1407 rebus
710 1350 901 1420 exerceatur,
923 1365 993 1408 eam
1009 1345 1172 1409 contemni

112 1446 225 1530 magis
248 1465 345 1530 quam
359 1445 532 1524 formidari,
550 1453 582 1510 et
610 1448 783 1529 perniciem
806 1448 915 1531 potius
940 1469 1049 1530 parere
1075 1469 1171 1533 quam

114 1549 272 1612 salutem.
318 1546 403 1630 (Vid.
420 1548 519 1612 (lonc.
537 1548 624 1612 Trid.
642 1570 722 1613 sess.
738 1572 810 1614 xxv.
826 1571 894 1633 cap.
908 1551 927 1613 3
944 1550 982 1613 de
998 1550 1083 1628 Res.)

161 1652 402 1718 9001011110
430 1653 529 1736 igitur
558 1653 661 1717 verbis
689 1654 852 1717 Ecclesiae
873 1654 1041 1718 Praesulcs
1063 1660 1172 1720 monet

114 1753 319 1818 Benedictus
355 1753 445 1816 XIV.
473 1774 538 1817 non
567 1754 715 1837 expedire
744 1761 782 1818 ut
811 1754 870 1818 hoo
900 1775 975 1818 suae
1003 1755 1172 1837 potestatis

116 1855 229 1940 gladio
243 1859 377 1919 utantur
392 1855 456 1919 nisi
472 1854 512 1918 ad
523 1855 693 1919 coercenda
702 1857 835 1919 crimina
844 1857 993 1938 grauiora.
1019 1856 1081 1933 (De
1092 1855 1171 1938 Syn.

116 1961 232 2023 Dioec.
248 1959 302 2022 lib.
317 1980 349 2022 x.
366 1980 424 2042 cap
440 1957 471 2037 1,
488 1980 522 2022 n.
540 1960 585 2037 3.)
631 1961 742 2043 Neque
759 1959 815 2024 ebs
829 1981 863 2023 re
885 1961 945 2023 erit
959 1961 1012 2023 hic
1035 1980 1171 2023 comme·

117 2085 247 2130 morare
271 2063 365 2127 verba
391 2063 507 2147 quibus
529 2063 614 2128 idem
640 2065 788 2128 Pontifex
809 2065 869 2127 1100
897 2084 992 2128 suum
1014 2064 1174 2128 monitum

118 2167 255 2231 uberius
275 2166 432 2230 declarare
454 2169 678 2251 prosequitur:
704 2166 862 2230 “Scimus
884 2169 1023 2251 profecto
1046 2187 1175 2232 necesse

121 2275 146 2304 “
158 2292 224 2337 non
239 2292 310 2335 esse
325 2278 363 2336 ut
377 2278 451 2336 ante
464 2274 635 2356 superioris
647 2273 750 2356 legem
766 2293 827 2355 qua
839 2271 960 2355 aliquid
971 2272 1030 2335 sub
1042 2292 1176 2336 censura

122 2378 147 2407 “
162 2375 358 2456 prohibetur,
375 2375 456 2438 illud
466 2377 535 2459 jam
550 2383 635 2440 esset
650 2376 809 2440 lethaliter
833 2376 969 2457 malum3
995 2376 1051 2440 sed
1066 2396 1175 2459 quam-

124 2481 149 2511 “
163 2479 265 2562 doque
275 2480 458 2562 contingere
469 2487 547 2544 tuno
562 2482 702 2564 primum
714 2482 850 2564 graviter
859 2481 981 2544 malum
992 2481 1061 2544 fieri
1072 2501 1146 2544 cum
1158 2500 1178 2542 a

124 2582 150 2612 ‘⁴
165 2579 333 2663 Superiora
347 2581 532 2664 prohibetur
549 2583 607 2646 sub
622 2604 723 2666 poena
738 2603 898 2656 censurae,
913 2604 994 2667 quae
1009 2589 1092 2646 certe
1108 2583 1177 2666 ejus

126 2682 375 2746 “intentionem
387 2684 526 2747 ostendit
537 2683 698 2767 obligandi
708 2685 768 2748 sub
778 2684 915 2747 mortali.
939 2682 983 2746 At
993 2704 1056 2747 non
1068 2682 1178 2746 decere

128 2783 302 2848 “dicimus
311 2785 798 2869 abEpiscopoaliquidsubgravi
806 2786 998 2868 praecipivel
1006 2784 1178 2870 prohiberi,

128 2886 152 2916 “
165 2890 288 2949 statuta
309 2886 343 2948 in
366 2892 615 2970 transgressores
630 2908 773 2965 censura,
789 2887 854 2950 nisi
869 2887 1000 2950 materia
1021 2885 1180 2969 praecepti

132 2989 154 3018 “
165 2988 232 3052 sive
246 2989 367 3052 ratione
378 2989 439 3065 sui,
457 2989 523 3053 sive
533 2989 655 3053 ratione
670 2989 981 3053 circumstantiarum
1010 3030 1179 3053 .....

133 3092 154 3121 “
166 3091 243 3155 talis
258 3098 291 3156 et
304 3097 396 3155 tanta
411 3093 454 3156 sit
476 3097 512 3156 ut
527 3092 609 3156 hanc
631 3114 766 3176 poenam
781 3091 961 3175 exposcat.’'
1009 3091 1071 3169 (Id.
1087 3085 1178 3170 ibid).

176 3196 230 3260 94.
255 3194 346 3272 Quod
361 3215 444 3273 vero,
455 3202 493 3259 ut
507 3216 580 3260 cum
596 3195 705 3260 eodem
717 3195 871 3259 Pontifice
881 3195 998 3258 iterum
1013 3193 1181 3276 loquamur

133 3302 156 3332 “
168 3299 197 3364 si
211 3300 355 3363 omnium
377 3320 545 3376 consensu,
563 3321 656 3383 81010
671 3306 704 3363 01
719 3321 846 3364 enorme
869 3301 993 3364 crimen.
1008 3297 1179 3381 requiritur

134 3401 210 3465 “ad
231 3403 432 3487 irrogandam
452 3425 628 3482 censuram,
648 3405 744 3468 etiam
765 3426 862 3488 quam
880 3409 993 3470 vocant
1013 3402 1181 3465 commiac-

135 3507 158 3537 “
172 3506 286 3569 tomum
315 3513 348 3570 et
367 3505 522 3587 ferendae
549 3508 730 3584 sentcntiae,
754 3507 856 3570 multo
887 3527 962 3571 sane
991 3505 1119 3589 gravius
1149 3508 1183 3566 et

136 3611 379 3675 “execrabilius
402 3632 473 3676 esse
502 3617 626 3694 oportet
655 3611 807 3675 delictum
836 3611 876 3674 ob
906 3609 990 3694 quod
1019 3609 1183 3692 infligatur

135 3714 305 3778 “censura
328 3713 411 3778 10100
433 3715 604 3777 sententiaa
628 3735 690 3797 qua
712 3715 865 3778 nimirum
889 3712 984 3775 homo
1004 3733 1060 3796 per
1083 3712 1183 3775 solam

135 3815 251 3898 “legis
272 3817 558 3900 transgressionem
581 3817 669 3880 nulla
691 3817 815 3900 praeuia
836 3815 1021 3892 monitione,
1039 3813 1183 3899 ejusdem

138 3922 160 3952 “
172 3920 253 4004 legis
267 3921 445 3987 ministerio
460 3923 570 3987 statim
583 3921 844 4006 perstringitur.''
890 3917 951 4002 (Id.
967 3918 1044 3984 ibid.
1061 3940 1094 3983 n.
1112 3917 1157 4002 5.)
