2572 4410
623 341 667 408 49

196 513 518 583 CONGREGATIO
541 512 733 577 PRIVATA
754 510 1104 577 DECIMATERTIA.

386 651 451 714 Dic
467 650 509 714 16
523 648 723 731 Septembris,
739 647 838 711 Feric
855 649 892 712 V.

160 782 254 846 Hora
269 781 392 845 decima
406 799 480 842 oum
495 776 628 842 dimidio
643 782 857 840 convenerunt
880 775 990 841 Patres
1004 796 1078 839 eum
1099 775 1164 840 offi-

115 884 252 948 cialibus
270 882 401 966 Synodi.

159 987 268 1070 Caput
290 986 328 1049 dc
352 983 514 1059 Censoris,
539 981 754 1045 aSecretario
775 979 962 1064 perlectum,
979 988 1012 1046 et
1034 979 1166 1044 Patrum

112 1086 258 1152 examini
279 1089 319 1152 de
341 1108 428 1151 more
451 1084 640 1167 subjectum,
663 1085 736 1167 post
759 1083 884 1148 brevem
906 1083 1168 1167 disceptationem

113 1191 272 1256 omnibus
286 1190 418 1274 placuit.

151 1294 237 1357 Inde
245 1294 329 1357 lecta
340 1297 415 1355 sunt
424 1289 461 1353 de
472 1289 626 1354 Parecbic
638 1309 808 1372 eorumque
821 1289 957 1353 Vicorie's
968 1289 1072 1372 capita
1083 1288 1166 1353 duo:

115 1417 255 1480 quorum
278 1394 397 1478 singuli
430 1393 557 1457 articuli
579 1391 716 1456 discussi
741 1398 772 1455 et
794 1397 868 1475 post
890 1390 997 1475 plures
1019 1391 1164 1456 emenda·

114 1500 224 1563 tiones
238 1497 364 1580 probati
380 1501 467 1559 sunt.

161 1599 287 1680 Quibus
303 1598 460 1663 absolutis
483 1596 730 1681 Congregationi
745 1596 820 1660 finis
834 1597 1004 1680 impositus
1019 1602 1078 1660 est.

179 1935 497 2003 OONGREGATIO
521 1935 713 2000 PRIVATA
734 1934 1097 2015 DECIMAQUARTA.

162 2072 288 2136 Eodem
310 2073 361 2136 die
382 2071 462 2136 hora
487 2070 625 2134 secunda
649 2091 723 2133 curn
748 2070 879 2133 dimidio
902 2071 975 2153 post
1001 2069 1166 2133 meridiem

121 2181 335 2239 convenerunt
352 2173 461 2237 Patres
476 2194 549 2236 cum
564 2172 761 2236 officialibus.

162 2278 323 2341 Nonnulli
345 2277 443 2340 delati
466 2278 540 2340 sunt
563 2276 689 2338 articuli
712 2276 751 2338 ad
774 2273 877 2356 capita
898 2274 936 2337 de
958 2275 1111 2338 Porocbe'a
1133 2283 1166 2339 et

125 2380 262 2443 Vicorie'e
286 2384 465 2461 spectantes
481 2379 536 2462 qui
557 2379 687 2461 longius
707 2377 818 2460 agitati
840 2379 872 2442 et
894 2378 995 2461 magis
1021 2378 1166 2441 minusve

122 2483 295 2558 immutati,
313 2482 442 2544 demum
456 2480 580 2564 probati
596 2486 682 2544 sunt.

164 2585 244 2650 Post
266 2584 329 2647 hoc
355 2582 515 2647 schemate
539 2583 577 2645 de
603 2583 817 2647 Sacramenta
839 2584 954 2647 iterum
980 2583 1104 2665 prolato
1127 2584 1166 2647 de

124 2685 323 2752 Poenitentia
332 2687 383 2769 agi
395 2688 543 2768 coeptum
554 2687 614 2749 est.
649 2686 770 2749 Exorta
782 2708 876 2769 super
887 2687 1019 2749 articulo
1029 2687 1166 2750 secundo

123 2790 333 2854 controversia
354 2789 392 2851 de
408 2788 602 2852 Stetioaibas
618 2809 698 2872 quae
720 2789 755 2851 in
778 2787 968 2872 quibusdam
991 2788 1166 2852 Hiberniae

122 2893 304 2977 regionibus
320 2893 425 2955 solent
435 2889 583 2954 domibus
594 2892 628 2953 in
640 2891 771 2974 privatis
782 2890 891 2954 haberi
903 2891 942 2953 ad
953 2892 1166 2954 confessiones

121 2994 322 3079 excipiendas
350 2994 544 3077 missamque
577 2992 803 3070 celebrandam,
836 2993 1031 3075 gravissimis
1064 2993 1167 3057 verbis

121 3099 228 3180 plures
242 3098 353 3160 testati
369 3103 446 3160 sunt
460 3096 613 3179 Episcopi
629 3117 681 3159 eas
696 3116 826 3178 prorsus
843 3095 959 3159 aboleri
974 3117 1038 3160 non
1059 3117 1164 3181 posse,

121 3200 274 3284 spectatis
311 3199 518 3283 quarumdam
554 3200 721 3282 regionum
758 3199 1017 3275 circumstantiis,
1047 3199 1165 3283 absque

119 3321 239 3384 magno
254 3300 418 3383 religionis
433 3302 635 3365 detrimenta.
674 3301 741 3363 Alii
756 3319 829 3364 vero
845 3306 955 3364 contra
971 3301 1166 3365 affirmarunt

118 3405 246 3488 praxim
261 3405 357 3467 istam
371 3405 406 3466 in
422 3405 490 3468 suis
505 3403 713 3480 dioecesibus,
730 3410 804 3485 post
825 3403 988 3486 Synodum
1004 3403 1165 3468 Thurlesi-

119 3528 218 3571 anam
238 3507 336 3569 fuisse
363 3505 555 3589 abrogatam,
582 3527 686 3590 neque
711 3512 818 3568 tamen
842 3506 1026 3589 religionem
1054 3507 1166 3570 exinde

119 3610 200 3694 quid
215 3608 399 3672 detrimenti
415 3610 546 3692 cepisse.
592 3608 714 3689 Quibus
730 3630 768 3671 ex
783 3607 881 3671 altera
899 3614 990 3691 parte
999 3610 1165 3691 responde-

118 3718 198 3776 runt
212 3711 300 3773 haud
314 3711 407 3793 pauci
421 3711 577 3795 populum
592 3712 626 3774 in
642 3711 831 3795 quibusdam
846 3711 923 3774 locis
938 3716 1011 3792 post
1024 3711 1166 3776 sublatas

120 3815 277 3878 stationes
293 3815 422 3877 omnino
438 3835 456 3877 a
473 3814 683 3877 Sacramentis
703 3813 941 3896 frequentandis
964 3835 998 3876 se
1024 3813 1165 3879 abstinu-

120 3919 197 3992 isse,
214 3918 309 4000 atque
324 3916 395 3979 ideo
417 3922 541 3980 coactos
556 3937 625 3980 esse
644 3922 787 3998 pastores
815 3916 854 3977 ad
876 3915 1043 3997 pristinam
1065 3915 1167 3980 redire

121 4016 388 4085 consuetudinem
403 4019 556 4083 stationes
575 4018 724 4084 habendi.
769 4018 885 4082 Multis
906 4015 982 4082 hinc
1004 4019 1079 4084 inde
1101 4022 1165 4086 dis·

1068 4123 1092 4166 n
