2572 4410
644 313 709 377 200

155 484 240 568 quod
252 492 382 549 sanctus
391 483 664 568 beatissimusque
673 485 798 562 Petrus,
809 485 1040 570 Apostolorum
1050 491 1206 575 princeps

155 588 188 650 et
202 590 312 671 caput,
328 588 464 671 fideique
487 588 636 651 columna
652 593 684 651 et
705 589 869 653 Ecclesiae
891 591 1065 656 catholicas
1087 593 1208 658 funda·

154 693 314 767 mentum,
327 712 345 753 a
359 690 499 754 Domino
514 695 625 753 nostro
640 688 661 753 J
662 711 719 753 esu
732 691 874 768 Christe,
890 689 1053 758 Salvatore
1064 694 1207 761 humani

154 794 280 875 generis
302 814 338 855 ac
360 792 585 874 Redemptore,
602 793 704 856 claves
726 795 818 878 regni
841 795 982 876 accepit:
1007 798 1063 880 qui
1079 798 1119 860 ad
1141 798 1207 863 hoc

153 916 256 978 usque
271 901 400 978 tempus
424 901 457 958 st
480 913 606 978 semper
627 896 662 957 in
686 896 754 959 suis
778 897 1026 975 successoribus,
1043 901 1205 985 episcopis

154 1003 282 1061 sanctae
298 996 461 1060 Romanae
485 993 589 1072 Sedis,
606 996 732 1080 abipso
755 997 917 1074 fundatae,
935 997 1068 1083 ejusque
1090 1022 1204 1067 conse-

153 1105 258 1162 cratae
281 1101 447 1182 sanguine,
474 1099 551 1162 vivit
577 1105 609 1163 et
631 1099 792 1183 praesidet
813 1107 846 1163 et
868 1102 1026 1184 judicium
1049 1103 1205 1168 exercet.¹

154 1201 249 1265 Unde
261 1204 452 1286 quicumque
467 1203 501 1264 in
516 1200 577 1264 hac
593 1201 753 1266 Cathedra
768 1203 861 1266 Petro
874 1202 1025 1281 succedit,
1041 1205 1072 1268 is
1088 1227 1204 1271 secun·

154 1304 233 1368 dum
245 1304 367 1368 Christi
378 1305 481 1387 ipsius
492 1304 730 1368 institutionem
738 1306 914 1388 primatum
924 1306 1011 1369 Petri
1025 1307 1062 1368 in
1072 1309 1205 1373 nniver-

154 1426 225 1470 sam
239 1405 418 1470 Ecclesiam
433 1405 565 1469 obtinet.
610 1407 722 1470 Manet
731 1429 804 1490 ergo
814 1408 982 1491 dispositio
993 1410 1151 1486 veritatis,
1170 1418 1205 1476 et

152 1507 269 1572 boatus
281 1493 395 1572 Petrn's
403 1510 439 1571 in
450 1516 578 1592 accepta
591 1508 781 1573 fortitudine
789 1516 899 1592 petrae
908 1529 1115 1593 perseverans
1129 1533 1204 1577 sus·

153 1613 244 1694 cepta
258 1610 421 1674 Ecclesiae
443 1610 656 1694 gubernacula
677 1632 743 1674 non
765 1611 919 1694 reliquit-¹
961 1611 1032 1674 Hac
1047 1612 1086 1675 de
1101 1632 1206 1678 causa

153 1712 197 1777 ad
211 1711 393 1776 Romanam
407 1711 587 1776 Ecclesiam
609 1720 739 1797 propter
752 1715 967 1798 potentiorem
980 1715 1204 1797 principalita-

152 1819 219 1878 tem
241 1835 371 1878 necesse
394 1835 520 1899 semper
554 1814 617 1878 init
648 1837 776 1880 omnem
808 1817 976 1880 convenire
1005 1817 1203 1896 Ecclesiam,

152 1915 214 1981 hoc
229 1924 289 1992 est,
306 1938 371 1993 eos,
388 1920 443 2002 qui
459 1925 536 1982 sunt
550 1918 692 2002 undique
708 1918 830 1994 fideles,
847 1920 934 1982 utin
949 1939 987 1981 ea
1003 1916 1095 1995 Sede,
1107 1941 1125 1982 e
1138 1941 1205 2004 qna

151 2018 351 2084 venerandae
377 2021 613 2084 communionis
630 2022 706 2103 jura
727 2021 763 2083 in
786 2040 900 2084 omnes
922 2020 1099 2095 dimanant,
1115 2022 1203 2086 tam·

153 2141 252 2206 quam
266 2123 408 2186 membra
423 2124 457 2185 in
472 2123 575 2205 capite
590 2123 780 2198 consociata,
796 2123 832 2184 in
846 2144 944 2186 unam
956 2125 1098 2207 corporis
1112 2145 1203 2188 com-

152 2246 266 2308 pagem
282 2222 516 2289 coalescerent.⁸

197 2327 232 2389 Si
247 2328 320 2407 quis
336 2347 410 2408 ergo
426 2328 552 2404 dixerit,
569 2346 634 2389 non
658 2346 729 2390 esse
744 2327 901 2409 exipsius
917 2326 1040 2391 Christi
1062 2327 1203 2394 Domini

151 2429 357 2493 institutione
373 2451 430 2493 seu
452 2432 525 2514 jure
540 2427 658 2505 divino,
676 2431 713 2493 ut
736 2429 852 2493 beatus
876 2431 991 2494 Petrus
1006 2431 1040 2493 in
1056 2432 1201 2514 primatu

151 2550 249 2613 super
263 2532 446 2594 universam
460 2532 639 2595 Ecclesiam
653 2532 769 2594 habeat
784 2538 955 2614 perpetuos
971 2552 1175 2597 successores
1188 2557 1198 2611 ;

151 2639 208 2695 aut
222 2631 405 2697 Romanum
427 2635 615 2697 Pontificem
631 2655 696 2696 non
712 2654 782 2697 csse
805 2631 891 2697 beati
912 2635 1000 2698 Petri
1025 2636 1060 2697 in
1083 2633 1199 2700 eodem

151 2736 292 2818 primatu
307 2755 525 2799 successorem
537 2758 547 2814 3
564 2735 734 2799 anathema
748 2737 802 2800 sit.

555 3017 699 3084 CAPUT
721 3020 788 3083 ΙΙΙ.

258 3173 301 3219 nn
316 3175 350 3219 vr
364 3175 406 3219 nn
421 3172 560 3219 nemone
576 3175 737 3219 ramerus
752 3175 876 3221 11011111
890 3176 1084 3223 rcrnmcrs.

193 3293 391 3376 Quapropter
397 3290 515 3376 apertis
522 3293 625 3356 innixi
631 3313 793 3357 sacrarum
799 3295 978 3358 litterarum
984 3297 1194 3374 testimoniis,

149 3401 182 3458 et
191 3396 394 3459 inhaerentes
403 3393 1195 3473 tumPraedecessorumNostrorum,Romanorum

149 3497 353 3573 Pontificum,
370 3501 442 3561 tum
459 3497 677 3562 Consiliorum
700 3498 899 3579 generalium
914 3500 1054 3574 disertis,
1071 3503 1195 3586 perspi·

149 3600 279 3682 cuisque
295 3601 440 3676 decretis,
454 3601 646 3663 innovamus
659 3603 856 3665 oecumenici
866 3601 1002 3666 Consilii
1013 3602 1195 3668 Florentini

182 3739 190 3773 ¹
204 3740 240 3789 Cf.
253 3741 379 3803 Ephesini
392 3741 498 3790 Concilii
509 3743 565 3790 Act.
576 3741 612 3792 iii.
681 3740 726 3791 ²5.
739 3743 798 3792 Leo.
806 3744 843 3791 Μ.
857 3743 936 3794 Scrm.
947 3743 983 3791 111.
996 3743 1039 3805 (al.
1051 3743 1098 3803 ii..)
1110 3759 1158 3806 cap
1170 3747 1194 3794 3.

181 3819 385 3871 ¹s.1ren.Adv.
403 3823 466 3873 haer.
483 3823 501 3872 1.
510 3839 547 3872 111
567 3839 588 3872 c.
598 3825 620 3872 3.
630 3828 656 3873 et
674 3823 749 3874 Cone.
768 3823 878 3887 Aquilai
897 3839 919 3873 a.
936 3824 992 3874 381.
1007 3824 1076 3874 inter
1095 3841 1153 3888 epp.
1166 3827 1192 3877 S.

149 3903 266 3952 Ambros.
278 3918 316 3965 ep.
329 3901 363 3952 xi.
