2572 4410
556 391 620 454 203

56 564 226 632 Ecclesiae
250 586 308 649 per
333 569 439 627 totum
465 560 574 625 orbem
596 559 729 625 diffusae
751 565 914 646 pertinent
925 591 934 646 ;
959 573 1016 632 111
1038 591 1112 633 eum

54 669 176 734 habere
189 673 318 732 tantum
333 667 473 750 potiores
494 670 612 747 partes,
630 686 694 728 non
717 685 791 730 vero
813 674 914 732 totam
936 670 1110 754 plenitudi-
1157 716 1162 736 2

55 790 136 836 nem
150 770 249 854 hujus
266 787 431 852 supremae
446 768 636 850 potestatis;
661 774 717 831 aut
731 768 813 832 hanc
828 772 898 854 ejus
919 775 1111 855 potestatem

56 893 126 938 non
141 895 211 938 esse
226 872 419 937 ordinariam
435 875 468 932 et
482 868 703 932 immediatam
721 871 787 934 sive
803 871 837 934 in
853 894 965 938 ornnes
987 897 1022 938 16
1046 877 1110 938 sin-

58 976 153 1056 gulas
164 976 323 1050 ecclesias,
335 972 446 1037 sivein
458 989 571 1035 omnes
581 976 614 1034 61
623 972 768 1055 singulos
779 975 925 1057 pastores
934 983 968 1040 et
975 976 1087 1041 fideles
1098 999 1107 1054 ;

61 1079 233 1143 anathema
249 1078 303 1141 sit.

471 1297 612 1365 CAPUT
642 1300 702 1365 IV.

170 1461 215 1505 DE
230 1459 353 1506 nonam
368 1457 549 1503 PONTIFICIS
564 1458 765 1502 INFALLIBILI
787 1459 996 1508 nno1srns10.

105 1581 183 1664 Ipso
199 1586 306 1643 autem
321 1577 505 1662 Apostolico
520 1577 671 1661 primatu,
682 1599 778 1660 quem
787 1575 955 1643 Romanus
964 1579 1113 1644 Pontifex

60 1680 226 1766 tamquam
253 1681 342 1745 Petri
362 1680 516 1764 principis
541 1680 770 1762 Apostolorum
794 1702 957 1747 successor
980 1685 1015 1746 in
1037 1685 1109 1747 uni·

46 1791 188 1850 versam
211 1782 392 1847 Ecclesiam
418 1781 550 1857 obtinet,
578 1802 760 1864 supremam
787 1806 912 1868 quoque
936 1787 1114 1868 magisterii

34 1891 254 1960 ponentem
269 1884 506 1968 comprehendi,
520 1884 598 1947 haec
612 1882 729 1949 Sancta
745 1883 843 1951 Sedes
859 1906 985 1970 semper
995 1890 1111 1964 tenuit,

28 1990 237 2074 perpetuus
251 1987 417 2052 Ecclesiae
431 2008 512 2050 usus
535 1988 729 2070 comprobat,
752 1990 885 2072 ipsaque
908 1992 1111 2054 oecumenica

32 2089 216 2168 (16161111,
234 2113 271 2155 61
285 2091 456 2174 imprimis,
473 2089 636 2173 inquibus
658 2089 773 2155 Oriens
795 2114 869 2156 cum
885 2091 1055 2157 Occidente
1078 2094 1112 2156 in

26 2192 137 2261 ffldei
174 2193 401 2278 charitatisque
431 2194 584 2256 unionem
615 2194 830 2272 conveniebat,
863 2193 1110 2260 declaraverunt.

33 2284 178 2364 :Patres
199 2299 285 2362 enim
300 2297 437 2361 Concilii
453 2295 799 2381 Constantinopolitani
823 2300 938 2382 quarti,
955 2300 1112 2382 majorum

39 2402 207 2484 Westigiis
222 2399 437 2475 inhaerentes,
451 2398 534 2462 hanc
558 2401 736 2464 solemnem
752 2401 919 2465 ediderunt
941 2403 1111 2485 professio·

49 2522 157 2570 mem:
182 2505 291 2567 Prima
307 2505 394 2568 salus
410 2509 470 2579 est,
487 2508 590 2565 rectae
605 2503 680 2566 fidei
695 2505 838 2586 regulam
854 2506 1027 2569 custodire.
1065 2504 1113 2569 Et

60 2609 219 2692 quianon
241 2612 348 2690 potest
370 2602 504 2699 Domini
526 2607 629 2669 nostri
652 2606 730 2670 Jesu
754 2607 878 2671 Christi
899 2611 1111 2691 praetermitti

62 2712 224 2775 sententia
250 2709 406 2774 dicentis:
437 2708 487 2772 Tu
508 2730 542 2771 es
562 2707 688 2785 Petrus,
706 2716 739 2773 et
763 2732 859 2794 super
883 2712 965 2775 hanc
986 2719 1110 2796 petram

62 2813 235 2878 aedificabo
250 2813 429 2876 Ecclesiam
443 2832 559 2888 meam,
576 2811 663 2887 haec,
681 2831 761 2895 quae
785 2811 871 2876 dicta
892 2819 979 2891 sunt,
1002 2836 1110 2878 rerum

62 2917 240 3000 probantur
255 2915 430 2992 effectibus,
448 2915 523 2998 quia
537 2915 572 2977 in
595 2913 676 2979 Sede
698 2915 883 2998 Apostolica
904 2918 1110 2983 immaculata
1230 2921 1232 2925 ⁴

63 3033 110 3085 est
125 3041 252 3104 semper
267 3019 423 3083 catholica
444 3024 604 3082 reservata
626 3018 748 3101 religio,
766 3021 798 3083 et
822 3026 931 3083 sancta
953 3020 1110 3086 celebrata

63 3123 218 3188 doctrina.
263 3120 313 3185 Ab
329 3120 428 3205 hujus
444 3141 519 3202 ergo
531 3120 593 3183 fide
616 3126 649 3183 et
660 3120 803 3183 doctrina
819 3123 961 3204 separari
975 3124 1109 3188 minime

62 3226 238 3309 cupientes,
255 3244 432 3306 speramus,
448 3223 535 3286 utin
551 3243 616 3285 una
637 3224 872 3300 communione,
890 3245 985 3307 quam
1009 3222 1109 3290 Sedes

61 3327 244 3411 Apostolica
258 3326 428 3409 praedicat,
443 3344 514 3388 esse
528 3343 718 3401 mereamur,
735 3325 770 3388 in
787 3347 849 3409 qua
865 3332 915 3390 est
929 3327 1054 3409 integra
1076 3335 1109 3392 et

60 3449 134 3495 vera
150 3428 356 3493 Christianae
371 3427 537 3510 religionis
553 3426 722 3490 soliditas.¹

100 3531 309 3614 Approhante
333 3550 407 3593 vero
421 3527 638 3612 Lugdunensi
660 3527 802 3594 Concilio
825 3528 974 3607 secundo,
992 3529 1110 3596 Graeci

58 3635 196 3720 professi
212 3639 290 3697 sunt
303 3653 310 3695 :
336 3630 487 3698 Sanctam
501 3629 680 3696 Romanam
695 3630 874 3696 Ecclesiam
891 3654 1054 3698 summum
1077 3643 1111 3700 61

92 3797 157 3846 ¹Ex
174 3797 286 3845 formula
305 3796 330 3846 S.
353 3794 509 3844 Hormisdae
527 3795 621 3856 Papae,
646 3800 723 3856 prout
740 3795 772 3844 ab
789 3795 922 3844 Hadriano
940 3798 977 3847 11.
989 3797 1111 3848 Patribus

57 3877 172 3930 concilii
183 3876 344 3926 OEcumenici
354 3876 420 3937 viii„
432 3874 714 3938 Constantinopolitaui
730 3875 772 3939 iv,
786 3875 917 3940 proposita
932 3882 959 3927 et
976 3879 1007 3928 ab
1018 3877 1110 3928 iisdem

58 3957 209 4021 subscripta
220 3962 267 4007 est.
