2572 4410
653 383 717 446 108

645 588 736 652 XXI.

580 747 624 791 DE
640 744 808 790 Praocms

118 912 121 916 '
212 898 287 962 183.
312 897 375 974 Qui
390 895 430 959 ad
444 895 661 959 Ecclesiarum
678 893 913 958 Paroohialium
935 915 1043 957 curam
1059 899 1136 958 sunt
1150 916 1223 978 pro·

167 1001 326 1076 movendi,
339 999 420 1062 tales
433 1020 502 1062 esse
518 998 635 1062 debent
651 1000 708 1082 qui
721 997 830 1061 idonei
846 997 912 1060 sint
935 1001 1048 1073 aetate,
1065 997 1223 1075 moribus,

167 1104 321 1179 doctrina,
345 1101 514 1186 prudentia
536 1107 568 1165 et
583 1101 655 1165 aliis
677 1101 773 1165 rebus
795 1101 1021 1179 advocantem
1043 1092 1225 1165 Ecclesiam

168 1205 408 1291 gubernandam
423 1205 623 1289 opportunis.
669 1204 804 1267 Maximi
819 1205 976 1267 momenti
985 1210 1035 1267 est
1046 1209 1083 1266 ut
1094 1203 1225 1286 parochi

166 1310 256 1374 hisce
271 1307 420 1372 omnibus
435 1307 564 1371 dotibus
579 1307 715 1390 praediti
730 1306 899 1389 eligantur,
915 1312 1010 1390 atque
1020 1307 1060 1369 ad
1069 1306 1103 1369 id
1112 1328 1224 1371 conse-

166 1411 330 1498 quendum
345 1412 447 1474 forma
469 1409 622 1494 quaedam
645 1430 817 1473 concursus
841 1431 859 1473 a
876 1409 1018 1473 Concilio
1035 1409 1226 1474 Tridentino

167 1520 217 1580 est
245 1514 419 1598 proposita.
479 1513 599 1576 Verum
637 1535 709 1576 curn
745 1534 802 1596 per
831 1513 1086 1576 circumstantias
1122 1512 1226 1597 hujus

167 1618 307 1701 regionis
322 1637 506 1690 concursus,
523 1617 668 1699 quamvis
683 1616 854 1699 optandus,
871 1617 923 1680 vix
936 1615 1096 1679 introduci
1106 1617 1224 1699 possit,

168 1723 402 1807 Episcoporum
417 1720 477 1782 hac
491 1720 526 1781 in
541 1740 574 1782 re
590 1719 756 1802 diligentia
779 1726 811 1783 et
834 1720 922 1783 zelus
945 1725 995 1783 est
1017 1720 1226 1797 exercendus,

169 1829 206 1888 ut
221 1824 310 1887 omni
324 1845 399 1887 cura
414 1829 446 1887 et
460 1823 639 1906 prudentia,
656 1825 689 1886 in
706 1830 774 1887 tam
789 1825 877 1907 gravi
891 1824 1019 1906 negotio
1040 1825 1227 1908 procedant,

170 1923 405 2010 diligenterque
419 1925 555 1989 caveant
570 1946 610 1989 ne
620 1923 787 1989 Paroeciae
799 1925 1003 1989 conferantur
1017 1927 1084 1988 nisi
1098 1927 1153 2004 iis,
1170 1928 1230 2010 qui

170 2051 189 2094 a
206 2028 424 2112 synodalibus
438 2025 740 2104 Examinatoribus,
752 2030 781 2092 si
796 2028 917 2104 adsint,
930 2029 982 2091 sin
996 2047 1069 2092 vero
1085 2047 1105 2091 a
1121 2027 1230 2094 Theo·

169 2133 252 2215 logis
264 2132 302 2196 ab
312 2131 475 2216 Episcopo
485 2129 618 2196 delectis
630 2131 798 2214 approbati
808 2131 940 2208 fuerint,
948 2132 1067 2214 quique
1079 2132 1232 2198 moribus

172 2255 211 2300 ac
229 2233 363 2300 scientia
379 2236 512 2299 caeteris
527 2236 705 2319 praestent.
752 2235 800 2298 Ne
816 2236 887 2317 quis
910 2256 983 2299 vero
1007 2235 1171 2300 existimet
1195 2257 1233 2301 se

166 2341 223 2418 jus
250 2339 288 2401 ad
313 2340 489 2421 paroeciam
513 2360 550 2402 ea
576 2344 702 2401 tanturn
726 2339 764 2401 de
787 2337 1026 2414 consolabere,
1044 2338 1234 2422 quodinter

171 2442 250 2504 alios
275 2442 459 2505 Sacerdotes
486 2443 529 2505 sit
553 2442 751 2506 ordinatione
775 2443 944 2526 antiquior,
971 2443 1169 2507 declaramus
1197 2445 1234 2508 in

172 2544 340 2607 collatione
349 2545 566 2627 paroeciarum
578 2545 735 2607 rationem
749 2546 873 2621 aetatis,
882 2566 1019 2622 morum,
1034 2546 1094 2609 zeli
1106 2548 1234 2610 anima-

172 2668 256 2724 rum,
273 2647 445 2722 doctrinae,
462 2647 624 2710 facilitatis
639 2648 847 2711 concionandi
870 2655 902 2711 et
925 2649 1060 2712 aliarum
1084 2651 1235 2714 omnium

173 2749 284 2814 dotum
300 2771 380 2834 quae
394 2757 553 2833 pastorem
569 2750 680 2832 populi
694 2751 818 2826 decent,
835 2772 905 2814 esse
920 2750 1111 2814 habendam.

220 2853 294 2916 184.
319 2854 406 2930 Quae
421 2853 460 2916 de
475 2853 655 2929 residentia,
668 2852 706 2916 de
722 2854 998 2918 administratione
1012 2855 1235 2933 Sacramento-

174 2977 258 3033 rum,
269 2957 308 3020 de
323 2958 534 3039 applicatione
544 2957 664 3020 Missae
678 2978 735 3040 pro
750 2957 879 3041 populo,
890 2965 922 3021 ot
935 2958 1008 3022 aliis
1019 2958 1235 3042 parochorum

174 3060 362 3124 muneribus
377 3061 410 3122 in
425 3061 495 3144 lege
510 3061 660 3125 canonica
676 3066 732 3123 aut
755 3061 886 3123 statutis
907 3061 1155 3145 provincialibus
1179 3069 1236 3126 aut

176 3163 374 3227 dioecesanis
389 3163 520 3226 definita
537 3168 624 3239 sunt,
642 3168 785 3226 accurate
801 3161 959 3228 observari
974 3164 1135 3228 volumus.
1178 3222 1184 3234 ,

224 3268 297 3331 185.
323 3265 501 3330 Statuimus
524 3271 562 3329 ut
583 3266 694 3329 nullus
711 3266 872 3329 Parochus
887 3288 906 3330 a
920 3268 1063 3350 paroecia
1078 3266 1164 3330 absit
1179 3290 1236 3351 per

177 3373 243 3432 tres
258 3369 328 3433 dies
343 3369 512 3432 continuos
526 3369 591 3432 nisi
605 3370 696 3452 prins
716 3367 914 3453 Episcopum
929 3375 1079 3434 moneat:
1106 3371 1135 3434 si
1160 3393 1236 3435 vero

177 3471 355 3535 absentiam
384 3492 440 3553 per
471 3472 611 3556 quinque
641 3472 710 3535 dies
739 3474 921 3555 protrahere
951 3474 1038 3549 velit,
1070 3474 1237 3537 licentiam

178 3574 330 3657 Episcopi
361 3575 395 3637 in
426 3575 553 3657 scriptis
582 3573 723 3638 obtinere
754 3575 872 3641 debet:
911 3598 969 3640 nec
995 3597 1138 3660 unquam
1166 3579 1237 3640 sine

180 3677 279 3740 simili
294 3678 422 3741 licentia
437 3678 488 3741 die
503 3679 672 3741 Dominioa
686 3679 736 3741 vel
751 3680 832 3742 festo
848 3680 912 3763 ipsi
935 3681 1045 3744 abesse
1068 3681 1153 3756 licet,
1178 3702 1238 3745 nec

179 3780 245 3843 ulla
260 3783 422 3846 occasione
437 3783 502 3846 nisi
517 3781 691 3846 substituat
701 3783 800 3846 alium
810 3784 1005 3848 sacerdotem
1016 3784 1055 3848 ab
1068 3785 1238 3848 Ordinario

181 3883 399 3972 approbatum,
424 3886 479 3969 qui
504 3886 616 3949 munia
641 3887 812 3968 pastoralia
834 3888 963 3951 interim
994 3887 1080 3951 obire
1111 3887 1237 3951 debeat.

180 3984 334 4052 Sacerdos
350 4008 458 4052 curam
472 3989 673 4053 infirmorum
682 4009 796 4074 gerens
811 4011 830 4055 a
845 3988 938 4057 domo
949 4013 1006 4058 sua
1017 4013 1082 4057 non
1094 3991 1240 4057 discedat
