2572 4410
696 320 739 382 40

194 492 344 557 articulos
379 489 564 574 perlectum,
602 512 781 565 excussum,
814 490 1017 553 emendatum
1046 511 1081 553 ao
1110 491 1241 557 demum

194 595 361 678 probatum
376 601 426 658 cst
442 595 546 678 Caput
558 595 610 659 De
632 593 812 674 Episcopc'a,
829 592 927 656 dilato
950 593 984 656 in
1008 593 1096 656 aliud
1110 601 1241 680 tempus

195 698 305 780 Capite
321 697 358 760 dc
374 698 578 762 Societutibua
594 697 739 761 Socratis.

238 801 327 864 Tunc
343 800 427 864 diota
441 800 582 864 oratione
597 820 706 863 omnes
721 791 848 862 dimissi
864 799 951 862 sunt.

454 1152 519 1216 Die
534 1156 553 1219 7
569 1150 769 1232 Septembota
786 1150 886 1212 Fortu
899 1150 972 1213 ΙΙΙ.

235 1290 331 1355 Mane
359 1289 437 1353 hora
459 1289 580 1352 decima
602 1309 675 1351 cum
700 1287 834 1352 dimidio
860 1284 963 1351 habiti
992 1291 1069 1351 sunt
1096 1285 1240 1371 Deputa·

191 1395 318 1458 tionum
333 1394 525 1457 Conventus.

343 1573 660 1640 GONGREGATIO
683 1573 875 1638 PRIVATA
897 1574 1083 1655 Qunam.

232 1711 356 1775 Eodem
370 1711 422 1775 die
436 1711 514 1775 hora
525 1711 663 1775 secunda
677 1732 750 1774 cum
762 1710 894 1774 dimidio
905 1718 1118 1776 convenerunt
1125 1710 1237 1777 Patres

190 1835 264 1878 cnm
280 1814 485 1877 Officialibus

232 1917 395 1980 Asticulus
410 1937 522 1993 novus,
535 1937 629 2000 quem
642 1913 747 1999 Capiti
759 1916 797 1978 de
808 1914 900 1979 Fidei
912 1915 1067 1980 Periculis
1078 1890 1237 1981 evitandis

189 2020 391 2083 inserendum
406 2020 570 2103 proposuit
589 2019 770 2102 Episcopus
794 2016 996 2101 Rapotensis,
1022 2041 1041 2082 a
1062 2020 1236 2084 Secretario

186 2122 343 2206 perlectus
372 2129 432 2186 111.
487 2119 568 2185 Ρο11
595 2120 723 2185 brevem
752 2122 1013 2204 disceptationem
1045 2122 1231 2187 Secretariis

189 2225 414 2288 demandatum
430 2231 479 2288 est
494 2225 580 2288 utin
595 2225 686 2287 Actis
703 2221 839 2288 Concilii
853 2224 960 2287 locum
975 2224 1090 2287 habere
1104 2232 1233 2308 posset:

188 2327 244 2391 sed
280 2335 389 2410 postea
416 2334 486 2392 tota
521 2349 572 2392 111
611 2326 741 2390 arbitrio
771 2326 972 2408 singulorum
1000 2328 1235 2411 Episcoporum

187 2429 297 2493 relicta
311 2438 370 2494 est.

230 2531 342 2596 Plures
357 2532 471 2594 deinde
486 2531 611 2594 articuli
632 2528 706 2594 novi
725 2551 744 2593 a
763 2530 977 2614 Deputatione
991 2532 1043 2595 Dc
1062 2533 1235 2613 Episcoptc

186 2635 301 2719 prolati
314 2640 399 2711 sunt,
413 2655 548 2717 quorum
560 2634 679 2717 singuli
690 2635 848 2717 perpensi,
857 2634 1059 2720 aliquatenus
1070 2636 1234 2700 emendati

187 2744 219 2800 et
234 2736 363 2800 demum
378 2736 502 2819 probati
516 2742 548 2799 et
565 2737 679 2800 sanciti
694 2725 795 2799 iueress

229 2840 370 2903 Perleoto
381 2839 585 2922 postmodum
593 2839 694 2922 capite
703 2837 771 2921 jam
782 2846 957 2903 memorato
969 2840 1008 2904 de
1019 2840 1236 2906 Societatibus

187 2942 333 3019 Socratis,
350 2949 381 3006 11
396 2943 556 3026 proposita
579 2942 618 3006 ab
642 2943 727 3005 Esco
747 2942 897 3006 Praeside
919 2943 1056 3026 quadam
1079 2943 1234 3007 immuta-

184 3045 270 3108 tione
292 3052 436 3128 respeotu
459 3045 579 3108 ordinis
603 3065 665 3129 quo
687 3045 830 3127 ejusdem
853 3045 980 3108 articuli
1001 3046 1085 3109 inter
1107 3066 1141 3108 se
1157 3067 1233 3110 nec-

185 3153 338 3223 terentur,
365 3148 545 3230 Episcopus
575 3144 731 3211 Midensis
762 3148 954 3211 sententiam
984 3167 1075 3210 suam
1101 3147 1139 3210 de
1170 3146 1236 3214 hoc

185 3250 287 3333 capite
309 3249 447 3332 ingenue
475 3250 510 3311 in
533 3249 674 3312 medinm
699 3248 843 3332 protulit.
888 3249 1070 3313 Arbitratus
1094 3256 1236 3328 estnon

184 3352 331 3435 expedire
346 3351 505 3416 Fenianos
521 3351 651 3435 speciali
665 3352 762 3435 hujus
781 3351 899 3434 Synodi
914 3352 1060 3429 Decreta
1077 3359 1109 3415 et
1123 3354 1236 3418 verbis

185 3455 263 3519 adeo
278 3455 406 3531 severis,
423 3454 575 3517 damnari.
612 3455 801 3518 Societatem
816 3453 1033 3518 Fenianorum
1048 3455 1237 3520 damnatam

185 3564 217 3619 et
232 3557 443 3621 damnandam
458 3578 538 3633 esse,
555 3557 653 3620 immo
672 3555 771 3637 hujus
788 3557 955 3621 Societatis
971 3557 1067 3620 duces
1081 3556 1233 3624 homines

185 3680 255 3721 1111
285 3659 527 3723 scelestissimos
565 3666 596 3722 et
633 3661 816 3724 vaferrimos
860 3661 988 3723 omnino
1025 3660 1130 3723 fassus
1168 3667 1232 3726 est.
1272 3688 1275 3695 ⁴

185 3760 307 3825 Timuit
321 3784 394 3826 vero
409 3784 449 3826 ne
464 3761 542 3825 haec
557 3785 638 3826 nova
660 3763 861 3826 denuntiatio
877 3763 999 3826 animos
1014 3762 1231 3845 plurimorum

186 3865 321 3947 graviter
349 3863 529 3942 concitaret,
553 3872 585 3930 et
609 3865 768 3930 Fenianos
790 3867 859 3949 jam
881 3866 1007 3941 fractos,
1032 3870 1074 3944 61,
1099 3872 1138 3930 ut
1164 3867 1231 3950 ipsi
