2572 4410
592 540 714 604 XXIX.

431 697 475 743 na
496 697 592 742 sorus
613 695 882 743 aocnasrssrrcm.

169 817 245 884 270.
262 816 405 880 Gumres
415 816 588 892 Ecclesiae,
599 837 656 880 scu
671 814 754 878 bona
768 814 989 891 ecclesiastica,
999 813 1084 877 nihil
1093 813 1185 878 aliud

124 921 191 985 sint
205 921 270 984 nisi
284 926 356 984 vota
377 919 532 996 fidelium,
549 926 582 983 et
595 919 787 1003 patrimonia
808 939 1007 1003 pauperum
1030 939 1182 1002 cumque,

122 1031 294 1109 praeterea,
311 1045 349 1088 ca
363 1023 403 1087 ad
418 1023 544 1087 cultum
567 1022 711 1087 divinum
733 1022 954 1097 exercendum,
972 1021 1059 1084 etad
1075 1042 1183 1086 sacro·

121 1150 196 1192 rum
225 1129 448 1192 ministrorum
478 1127 746 1191 sustentationem
772 1125 952 1189 necessaria
981 1125 1059 1202 sint,
1087 1125 1183 1189 facilc

121 1229 255 1315 quilibet
270 1230 430 1313 intelliget
445 1235 564 1313 quanta
578 1229 641 1292 fide
656 1235 689 1293 et
704 1228 871 1312 diligentia
887 1229 954 1292 sint
969 1227 1183 1292 custodienda

120 1331 160 1394 ab
182 1332 223 1395 iis
245 1331 362 1415 quibus
377 1352 488 1395 eorum
512 1331 707 1394 ministratio
730 1335 763 1392 et
784 1329 894 1392 fruitio
921 1333 971 1392 est
993 1329 1181 1391 commissa.

119 1434 170 1498 De
184 1436 226 1498 iis
241 1436 350 1519 itaque
361 1435 526 1520 sequentia
538 1433 708 1498 statuenda
723 1454 794 1496 csse
805 1432 1040 1508 existimamus,
1052 1437 1181 1514 praeter

119 1535 181 1597 alia
195 1556 277 1619 quae
292 1557 311 1598 a
325 1535 347 1598 J
348 1557 404 1599 ure
420 1535 580 1599 Canonico
596 1541 718 1598 statuta
734 1540 822 1598 sunt.

162 1637 238 1704 271.
254 1638 384 1701 Primo:
401 1638 613 1720 praecipimus
623 1635 772 1700 omnibus
783 1633 938 1718 parochis,
952 1639 1008 1697 aut
1019 1633 1178 1717 paroecia·

118 1762 191 1804 rum
206 1740 415 1818 administris,
427 1761 550 1804 necnon
563 1740 704 1803 locorum
713 1740 841 1822 piorum
853 1760 933 1822 quae
949 1736 988 1801 ab
1004 1737 1178 1821 Episcopis

117 1844 258 1928 pendent
279 1845 488 1920 curatoribus,
505 1850 543 1907 ut
566 1844 677 1907 statim
702 1850 776 1927 post
801 1842 1050 1926 publicationem
1077 1840 1177 1924 hujus

118 1945 254 2009 Concilii
279 1946 559 2021 constitutionum,
586 1945 754 2021 bonorum,
777 1950 845 2007 tam
870 1943 1050 2019 mobilium,
1079 1964 1177 2026 quam

116 2047 342 2124 immobilium,
355 2068 435 2131 quae
446 2046 487 2110 ad
498 2046 646 2111 ecclesias
663 2067 737 2109 suas
748 2046 799 2109 vel
809 2036 980 2130 paroecias,
991 2044 1041 2107 vel
1056 2045 1096 2108 ad
1107 2045 1177 2110 loca

116 2149 170 2231 pia
198 2149 357 2233 praedicta
387 2156 540 2232 spectent,
570 2149 787 2212 inventarium
813 2149 992 2212 conficiant.
1051 2148 1093 2210 In
1115 2147 1176 2212 hoc

116 2253 293 2316 inventario
309 2252 477 2334 diligenter
498 2272 573 2315 vasa
595 2271 693 2326 sacra,
717 2271 902 2334 sacramque
924 2270 1053 2313 omnem
1070 2248 1176 2332 supel-

116 2351 266 2428 lectilem,
284 2355 414 2435 quaein
430 2354 498 2416 suis
513 2353 656 2416 ecclesiis
671 2353 799 2429 existat,
817 2352 1018 2428 describent3
1044 2352 1073 2414 si
1094 2372 1176 2434 quac

117 2455 183 2517 sint
204 2455 332 2537 praedia
354 2455 528 2532 Ecclesiae,
551 2455 579 2517 si
601 2454 716 2518 domus
738 2460 794 2518 aut
817 2453 943 2517 scholae
965 2451 1175 2536 parochiales,

116 2555 145 2616 si
159 2554 304 2618 redditus
325 2554 462 2637 denique
487 2561 722 2638 permanentes,
739 2577 792 2620 eos
818 2577 930 2620 omnes
950 2553 1174 2632 recensebunt,

116 2656 221 2718 Onera
249 2662 358 2718 autem
387 2675 452 2718 non
482 2656 633 2719 omittant
657 2656 774 2740 quibus
800 2656 933 2720 ecclesia
958 2655 1008 2718 vel
1029 2654 1099 2718 loca
1121 2655 1176 2738 pia

115 2753 337 2837 subjiciuntur.

159 2858 231 2922 272.
255 2858 289 2920 2⁰
304 2857 456 2922 Confecto
476 2859 652 2923 inventario
674 2859 875 2944 singularum
895 2859 1114 2923 Ecclesiarum
1142 2864 1176 2922 et

114 2959 255 3023 locorum
280 2960 418 3043 piorum,
443 2982 546 3025 unum
568 2961 737 3044 exemplar,
754 2983 773 3024 a
787 2961 924 3046 parocho
939 2961 989 3025 vel
1005 2961 1043 3024 ab
1055 2961 1119 3023 alio
1135 2961 1176 3023 ad

114 3083 209 3143 quem
233 3069 353 3145 spectat
375 3063 601 3147 subscriptum,
617 3065 778 3148 Episcopo
794 3066 947 3128 dioecesis
970 3066 1119 3128 mittetur
1135 3063 1176 3127 ab

113 3182 151 3224 eo
174 3163 209 3224 in
238 3162 376 3227 Archivo
404 3165 589 3248 Episcopali
615 3166 884 3245 custodiendum
908 3166 1045 3229 altorum
1072 3186 1176 3248 penes

114 3262 219 3344 ipsam
234 3263 400 3326 ecclesiam
423 3262 462 3326 de
488 3285 551 3347 qua
574 3265 680 3346 agitur
695 3265 729 3326 iu
755 3264 824 3328 loco
850 3270 922 3327 tuto
945 3261 1174 3326 asservabitur.

114 3362 198 3426 Vasa
220 3385 309 3428 sacra
324 3386 418 3429 aurea
433 3364 483 3429 vol
509 3373 659 3449 argentea
684 3369 815 3430 nomine
840 3367 928 3431 illius
956 3366 1110 3430 ecclcsiae
1134 3366 1177 3430 ad

114 3485 209 3546 quam
231 3468 394 3549 pertinent
419 3468 650 3534 inscribantur.
698 3471 733 3532 Si
756 3471 822 3534 sint
846 3492 927 3535 nora
952 3470 987 3534 id
1004 3471 1061 3533 fiat
1083 3477 1175 3535 ante-

114 3584 209 3645 quam
225 3565 264 3629 ab
280 3567 438 3650 Episcopo
455 3575 690 3635 consecrentur.

158 3665 233 3731 273.
258 3669 291 3730 3⁰
308 3664 343 3731 Si
363 3688 443 3750 quae
457 3666 539 3731 bona
556 3670 590 3731 in
606 3671 753 3753 operibus
763 3673 826 3756 piis
836 3680 868 3736 et
884 3673 1107 3737 ecclesiasticis
1123 3676 1175 3738 in-

115 3767 270 3829 sumenda
283 3773 357 3851 post
368 3770 548 3833 confectum
563 3772 776 3837 inventarium
786 3777 922 3857 parocho
938 3776 1044 3852 alicui,
1055 3777 1107 3839 vel
1117 3776 1177 3841 alii

113 3865 290 3951 cuicunque
306 3869 470 3934 Catholico
486 3871 603 3936 donata
618 3875 668 3938 vel
683 3875 788 3959 legata
803 3879 934 3956 fuerint,
953 3879 1063 3942 statim
1078 3900 1175 3962 paro-
