2572 4410
640 273 684 339 15

161 445 270 536 danque
281 447 463 536 juventutis
484 444 722 513 institutionem
737 446 901 514 vindicent
921 455 955 514 et
968 456 1183 534 promoveant,

74 550 77 617 ἓ
154 556 179 615 et
197 553 255 618 alia
278 557 432 637 peragant
455 555 536 634 quae
561 547 603 613 ad
626 549 764 615 salutem
792 551 982 630 animarum,
1005 551 1188 639 bonumque

147 651 298 721 Ecclesiae
319 652 555 740 procurandum
576 657 651 734 apta
672 652 846 717 videantur.
890 654 980 719 Inter
1003 676 1084 738 quae
1105 654 1188 721 illud

142 759 229 822 etiam
244 757 422 823 curandum
444 760 482 819 ut
503 753 653 819 omnibus
677 754 915 839 sapientissima
935 755 1081 822 Vaticani
1103 758 1187 824 Con·

137 860 200 926 cilii
214 862 340 926 decreta
353 865 431 924 nota
451 859 532 921 fiant
546 863 579 921 et
594 855 633 921 ab
648 855 798 921 omnibus
813 857 1029 923 observentur.

173 963 265 1028 Haec
278 983 352 1029 vero
367 966 405 1025 ut
418 961 479 1025 rite
493 960 707 1045 perficiantur,
723 957 968 1025 Illustrissimos
982 968 1015 1026 et
1029 959 1188 1028 Reveren-

130 1067 283 1131 dissimos
308 1062 573 1148 Archiepisoopos
597 1068 631 1126 et
644 1061 823 1145 Episcopos
845 1062 1021 1128 Hiberniae
1035 1083 1186 1147 rogamus

128 1176 161 1234 et
175 1168 373 1253 requirimus
387 1170 425 1229 ut
447 1185 522 1230 cum
547 1165 617 1229 suis
641 1163 800 1248 theologis
823 1186 841 1228 e
867 1165 949 1230 clero
975 1167 1110 1231 seculari
1135 1168 1185 1234 vel

127 1271 269 1356 regulari
292 1269 430 1346 selectis,
447 1268 487 1332 ad
511 1266 676 1351 Synodum
698 1264 782 1330 hano
807 1267 949 1346 veniant,
980 1275 1047 1346 aut,
1071 1270 1100 1336 si
1121 1270 1185 1355 ipsi

125 1374 273 1458 legitime
298 1371 446 1455 impediti
471 1371 548 1448 sint,
564 1375 784 1455 procuratores
808 1370 952 1435 mittant.
996 1372 1065 1437 Eos
1087 1373 1186 1437 etiam

125 1476 335 1542 vehementer
368 1474 535 1538 hortamur
570 1479 620 1551 ut,
654 1469 825 1556 diligenter
853 1494 962 1537 rerum
1001 1481 1185 1541 nostrarum

126 1578 417 1644 ecclesiasticarum
431 1575 612 1640 conditione
627 1574 667 1638 ad
681 1594 815 1639 examen
829 1581 948 1654 vocata,
960 1576 989 1640 si
1000 1577 1078 1661 quid
1088 1580 1185 1643 corri-

126 1682 282 1767 gendum,
310 1684 365 1743 aut
389 1676 630 1742 immutandum
660 1677 826 1742 inveniant
854 1678 937 1743 illud
965 1679 1118 1745 adnotent
1146 1688 1185 1746 ut

125 1785 239 1870 postea
252 1784 289 1846 in
306 1779 432 1866 Synodo
447 1779 682 1864 Episcoporum
693 1777 817 1863 judicio
832 1780 947 1865 subjici
960 1783 1075 1866 possit.

168 1889 339 1952 Praeterea
364 1884 493 1948 eosdem
523 1881 817 1947 Reverendissimos
838 1880 1007 1948 Praesules
1032 1906 1183 1969 rogamus

124 1996 162 2056 ut
176 1987 330 2056 omnibus
345 1987 402 2071 qui
419 1985 545 2069 Synodo
558 1985 719 2070 plenariae
734 1985 775 2050 de
791 1987 865 2068 jure
887 1986 937 2052 vel
951 1988 1183 2054 consuetudins

124 2095 237 2159 adesse
254 2089 372 2157 debent
385 2095 442 2155 aut
455 2094 603 2173 possunt,
620 2090 689 2174 ejus
703 2088 912 2153 indictionem
927 2095 1036 2153 notam
1051 2090 1180 2166 faciant,

124 2202 161 2261 ut
176 2195 299 2280 singuli
308 2194 382 2277 jure
397 2213 455 2257 suo
470 2197 614 2255 utantur.

165 2300 218 2363 De
249 2303 382 2373 caetero,
414 2315 488 2359 oum
517 2294 552 2356 in
588 2314 705 2357 vanum
742 2292 886 2357 laborant
923 2294 978 2379 qui
1014 2295 1182 2363 aedificant

122 2403 258 2466 domum
272 2400 337 2464 nisi
348 2398 508 2462 Dominus
523 2395 668 2460 aedificet
676 2417 758 2474 11111,
771 2418 921 2480 rogamus
931 2404 963 2461 et
975 2397 1182 2464 adhortamur

121 2503 346 2588 pientissimos
357 2499 525 2565 Praesules
533 2500 566 2563 11
578 2519 706 2562 omnem
716 2499 836 2563 elerum
846 2521 881 2564 ae
890 2502 1046 2584 populum
1058 2509 1095 2566 ut
1111 2504 1179 2567 suis

121 2606 322 2671 orationibus
343 2624 403 2668 nos
425 2603 458 2666 et
480 2620 592 2666 omnes
615 2601 670 2685 qui
698 2601 823 2685 Synodo
845 2603 995 2667 intersint
1016 2602 1177 2687 adjuvent,

119 2690 232 2774 Deum¹
240 2709 399 2790 optimum
413 2705 595 2768 Maximum
607 2703 735 2767 assidue
750 2704 950 2769 obsecrantes
961 2712 999 2769 ut
1013 2708 1179 2773 nobiscum

120 2813 165 2876 eit
174 2817 208 2875 et
216 2811 385 2875 nobiseum
395 2807 527 2884 laboret,
535 2812 704 2896 utmentes
713 2806 985 2885 illuminet,corda
995 2811 1175 2892 succendat,

119 2920 222 2998 utque
237 2919 328 2976 actus
343 2917 376 2975 et
390 2909 589 2993 operationes
599 2908 679 2972 bene
688 2909 852 2993 incoeptas
862 2910 995 2974 feliciter
1005 2912 1045 2975 ad
1055 2915 1177 2978 exitum

118 3016 285 3101 perducat,
302 3021 335 3079 et
349 3014 456 3077 divina
479 3032 538 3076 sua
558 3012 703 3095 potentia
717 3012 832 3075 efficiat
846 3019 884 3076 ut
898 3015 1018 3078 nostris
1033 3017 1176 3082 consiliis

117 3120 225 3203 pietas
236 3113 681 3202 promoveatur,eoelesiastioi
692 3115 813 3179 ordinis
824 3115 920 3179 decus
930 3119 1176 3199 augeatur,fides

116 3223 264 3286 firmetur
274 3221 307 3284 11
316 3239 410 3303 opera
422 3216 623 3282 Christianae
634 3217 764 3300 pietatis
775 3222 807 3280 et
818 3216 985 3282 eharitatis
996 3221 1099 3303 magis
1108 3242 1175 3285 ma-

116 3325 232 3409 gisque
247 3321 411 3386 abundent
426 3326 463 3384 ut
477 3320 502 3381 ii
518 3319 575 3403 qui
589 3319 666 3382 foris
684 3325 761 3383 sunt
775 3340 812 3382 ea
826 3318 980 3398 ridentes,
997 3323 1175 3404 glorificent

114 3427 285 3492 ecclesiam
301 3422 499 3490 catholicam
513 3422 645 3505 ejusque
655 3421 795 3485 (1111111111
810 3423 965 3506 originem
980 3424 1173 3509 intelligant.

161 3544 284 3609 Datum
299 3541 434 3607 Dublini
448 3541 499 3604 die
515 3541 535 3602 2
551 3538 643 3615 Julii,
661 3561 744 3604 anno
761 3543 856 3609 1875.

533 3667 565 3730 ›1‹
580 3659 710 3724 Paunns
726 3660 923 3724 Oenomaum
939 3658 1085 3740 0111111,

158 3868 243 3934 N.B.
272 3867 357 3931 Aliis
378 3865 496 3930 litteris
516 3863 662 3947 ejusdem
684 3866 806 3928 tenoris
830 3863 978 3948 Synodus
1004 3875 1172 3952 prorogata

112 3973 214 4040 estin
229 3973 315 4036 diem
331 3970 371 4034 31
387 3966 527 4052 Augusti
544 3967 691 4050 ejusdem
707 3968 794 4032 anni.
