2572 4410
612 313 674 381 197

160 483 283 548 Datum
298 483 418 549 Romae
440 484 474 548 in
497 484 623 566 publico
646 486 787 549 sessione
810 487 845 550 in
860 485 998 551 Basilica
1012 486 1165 554 Vaticano

117 587 306 652 solemniter
319 587 475 651 celebrato
496 609 580 651 anno
596 587 828 652 Incnmationis
850 591 1036 654 Dominicae
1061 593 1167 656 mille-

117 690 200 753 simo
226 690 489 773 octingentesimo
515 691 757 774 septuagesimo,
793 692 844 755 die
868 693 1022 776 vigesima
1051 701 1164 778 quarta

117 790 251 875 Aprilis.

161 892 375 958 Pontificatus
389 894 492 958 nostri
508 895 759 979 annovigesimo
774 901 902 980 quarto.

248 997 303 1059 Ito
318 1005 373 1060 cst.

196 1072 212 1102 ⁸
442 1097 608 1163 Josnrnos
623 1097 685 1162 Er.
703 1094 738 1161 S.
756 1097 948 1176 Hmroirm,

599 1202 793 1267 Sccrctcrinc
810 1203 944 1266 Consilii
963 1203 1119 1267 Vaticani.

514 1439 774 1451 ---,.---

618 1601 667 1676 II.

275 1749 568 1818 CONSTITUTIO
591 1751 852 1818 DOGMATIGA
868 1753 1008 1817 PRIMA

378 1887 440 1950 DE
464 1887 687 1952 EOCLESIA
710 1887 905 1963 CHRISTI,

119 2024 224 2089 Edita
234 2023 269 2088 in
285 2023 431 2088 Scccionc
443 2034 559 2107 onorio
570 2025 632 2089 SS.
647 2025 784 2089 Consilii
799 2024 988 2089 oecumenici
1002 2025 1162 2089 Vaticani.

465 2351 567 2418 PIUS
589 2352 832 2420 EPISOOPUS

44 2493 48 2498 '
117 2508 237 2555 suevos
275 2508 446 2554 servornm
483 2509 541 2553 om
579 2509 676 2554 sceno
698 2509 901 2555 crescentem
939 2507 1086 2554 noiomo
1122 2508 1165 2554 An

412 2612 606 2656 PERPETUAM
620 2613 678 2656 REI
692 2613 877 2658 MEMORIAM.

160 2741 276 2809 Pastor
291 2748 443 2808 aeternus
459 2751 491 2808 et
514 2740 682 2827 episcopus
705 2746 885 2808 animarum
908 2751 1103 2820 nostrorum,
1127 2751 1164 2808 ut

117 2846 321 2911 salutiferum
336 2845 566 2928 redemptionis
582 2865 664 2928 opus
687 2866 826 2930 perenne
842 2846 1000 2923 redderet,
1018 2848 1164 2910 sanctem

117 2947 286 3013 aedificare
309 2945 491 3011 Ecclesiam
515 2949 664 3023 decrevit,
682 2945 717 3010 in
733 2969 797 3032 qun
813 2949 913 3012 veluti
927 2951 963 3013 in
986 2949 1080 3013 domo
1102 2948 1163 3012 Dei

116 3052 255 3116 virentis
276 3050 388 3114 fideles
410 3071 523 3114 omnes
545 3052 643 3114 unius
666 3049 742 3114 fidoi
772 3057 805 3114 et
834 3050 1007 3115 charitatis
1036 3051 1163 3115 vinculo

117 3154 373 3217 continerentur·
419 3151 630 3237 Quapropter,
647 3154 838 3236 priusquam
860 3153 1097 3229 clarificaretur,
1113 3173 1162 3216 ro·

116 3257 206 3339 gerit
228 3255 360 3320 Patrem
383 3274 450 3318 non
474 3277 531 3338 pro
554 3253 718 3339 Apostolis
732 3257 870 3332 tantum,
888 3255 944 3319 sed
968 3261 1000 3319 ct
1021 3274 1080 3338 pro
1102 3256 1161 3330 eis,
1217 3273 1220 3279 ·

116 3359 172 3442 qui
187 3356 340 3422 credituri
356 3363 448 3421 erant
462 3378 521 3441 per
535 3358 668 3422 verbum
683 3379 792 3422 corum
802 3359 837 3421 in
852 3359 972 3442 ipsum,
988 3359 1026 3422 ut
1049 3376 1162 3421 omnes

115 3481 218 3523 unum
228 3466 348 3535 essent,
359 3461 444 3523 sicut
453 3462 522 3544 ipse
531 3459 636 3524 Filius
648 3462 681 3524 ei
691 3460 789 3525 Pater
800 3481 902 3524 unum
912 3466 999 3524 sunt.
1046 3457 1161 3539 Quem-

115 3561 294 3626 admodum
310 3559 410 3644 igitur
424 3562 608 3645 Apostolos,
631 3585 711 3647 quos
736 3561 799 3626 sibi
813 3560 853 3626 de
868 3561 992 3625 mundo
1008 3561 1160 3644 elegerat,

114 3665 216 3741 misit,
233 3665 399 3747 sicutipse
416 3661 537 3728 missus
554 3672 625 3729 erat
638 3688 657 3729 e
672 3665 791 3729 Patro:
816 3662 865 3729 its
880 3665 914 3726 in
930 3661 1076 3727 Ecclesia
1101 3683 1160 3728 sus

113 3768 266 3831 Postores
289 3768 321 3831 et
336 3765 491 3829 Doctores
514 3787 616 3850 usque
638 3767 681 3832 cd
703 3767 1018 3831 consummationem
1042 3766 1163 3830 saeculi

115 3887 188 3934 esse
202 3869 315 3934 voluit.
360 3866 407 3933 Ut
420 3887 495 3934 vero
511 3870 716 3954 episcopatus
740 3868 810 3955 ipsc
835 3889 922 3934 unus
945 3868 977 3932 et
1003 3864 1162 3932 indivisus
