2572 4410
625 337 690 405 259

123 512 197 596 jure
219 511 367 590 incurrit,
384 510 441 595 qui
455 511 587 596 excepto
601 530 677 576 casu
699 509 837 596 legitimi
847 510 1017 597 privilegii,
1039 513 1183 582 ordinem

127 616 262 680 Sacrum
299 613 472 680 contulerit
500 613 619 699 absque
640 613 738 680 titulo
777 613 924 679 beneficii
958 614 1008 680 vel
1031 619 1183 701 patrimo·

124 718 173 782 nii
188 719 301 783 elerico
315 718 351 781 in
365 717 475 802 aliqua
491 713 743 802 Congregatione
757 719 886 796 viventi,
902 719 938 781 in
953 738 1016 803 qua
1031 719 1184 786 solemnis

123 821 281 906 professio
303 839 370 886 non
396 820 566 900 emittitur,
583 819 633 885 vel
655 821 753 886 etiam
775 820 925 905 religioso
947 820 1091 886 nondum
1112 844 1183 907 pro·

123 925 222 989 fesso.

169 1028 201 1090 5.
228 1021 482 1110 Suspensionem
507 1030 694 1110 perpetuam
709 1025 749 1090 ab
773 1027 922 1091 exercitio
947 1026 1097 1092 ordinum
1112 1028 1184 1112 ipso

119 1128 194 1212 jure
209 1129 380 1193 incurrunt
393 1128 549 1211 Religiosi
564 1129 668 1212 ejecti,
686 1129 778 1192 extra
792 1129 981 1212 religionem
996 1129 1161 1214 degentes.

168 1231 201 1294 6.
216 1231 467 1317 Suspensionem
483 1231 522 1296 ab
538 1229 657 1296 Ordine
669 1231 816 1315 suscepto
826 1232 897 1316 ipso
913 1233 988 1315 jure
1000 1234 1182 1313 incurrunt,

122 1334 180 1417 qui
203 1332 352 1398 eumdem
375 1335 520 1399 ordinem
541 1335 680 1418 resipere
701 1341 989 1418 praesumpserunt
1003 1335 1043 1400 ab
1058 1354 1183 1401 excom·

121 1437 290 1502 municato
304 1437 354 1502 vel
375 1457 542 1521 suspenso,
559 1437 609 1500 vel
623 1438 794 1502 interdicto
815 1439 1008 1502 nominatim
1030 1438 1185 1502 denunci-

121 1537 197 1616 etis,
214 1541 270 1604 aut
295 1539 334 1604 ab
354 1540 512 1604 haeretico
535 1538 585 1605 vel
612 1540 815 1604 schismatico
841 1542 991 1605 notorio:
1015 1562 1090 1605 eum
1109 1562 1183 1607 vero

121 1642 179 1724 qui
202 1641 286 1706 bona
309 1643 371 1708 fide
387 1664 406 1706 a
421 1643 571 1728 quopiam
592 1664 703 1706 eorum
727 1644 777 1707 est
800 1643 976 1721 ordinatus,
994 1645 1181 1708 exercitium

119 1762 187 1807 non
202 1745 318 1810 habere
343 1745 464 1810 ordinis
485 1746 532 1811 sic
552 1747 704 1831 suseepti,
722 1745 823 1811 donec
847 1745 1060 1830 dispensetur,
1078 1746 1180 1811 decla-

119 1865 243 1911 ramus.
755 1844 756 1848 ’

164 1952 197 2016 7.
215 1946 330 2015 cleriei
345 1950 524 2015 saeculares
538 1951 639 2015 exteri
654 1949 739 2014 ultra
754 1957 890 2036 quatuor
904 1969 1031 2014 menses
1046 1952 1081 2014 in
1093 1950 1180 2015 Urbe

120 2054 354 2118 commorantes
377 2053 515 2118 ordinati
531 2051 570 2116 ab
594 2053 656 2117 alio
672 2074 769 2138 quam
784 2053 824 2118 ab
839 2055 909 2138 ipso
933 2074 991 2118 suo
1012 2052 1180 2119 Ordinario

120 2153 239 2240 absque
261 2156 393 2220 lieentia
423 2156 517 2221 Oard.
542 2154 641 2220 Urbis
656 2158 786 2235 Vicarii,
817 2157 868 2221 vel
898 2155 1017 2241 absque
1053 2157 1180 2240 praevio

119 2259 265 2323 examine
291 2281 398 2324 coram
421 2258 532 2323 eodem
558 2266 696 2343 peraeto,
712 2260 763 2325 vel
788 2260 886 2323 etiam
902 2281 921 2323 a
935 2260 1061 2344 proprio
1086 2257 1178 2324 Ordi-

118 2361 208 2424 nario
230 2367 340 2445 postea
366 2383 462 2447 quam
492 2362 527 2425 in
548 2363 710 2446 praedicto
739 2364 884 2426 examine
906 2363 1016 2446 rejecti
1037 2362 1157 2425 fuerint
1168 2381 1179 2440 3

118 2481 256 2528 necnon
272 2464 379 2529 clerici
405 2466 602 2550 pertinentes
618 2466 658 2528 ad
674 2466 813 2551 aliquem
828 2487 846 2530 e
862 2486 917 2529 sex
931 2462 1180 2549 Episcopatibus

118 2564 359 2646 suburbicariis,
377 2569 406 2631 si
421 2569 608 2632 ordinentur
622 2574 710 2633 extra
736 2589 830 2633 suam
845 2569 1016 2633 dioecesim
1031 2567 1179 2631 dimisso·

117 2667 252 2732 rialibus
281 2672 333 2735 sui
364 2669 526 2736 Ordinarii
549 2672 588 2737 ad
611 2673 711 2736 alium
738 2673 869 2736 directis
892 2693 988 2757 quam
1011 2670 1052 2734 ad
1082 2670 1176 2734 Card.
1238 2748 1241 2753 ,

118 2769 217 2835 Urbis
232 2773 418 2853 Vicarium3
442 2774 492 2839 vel
507 2797 571 2840 non
586 2776 772 2860 praemissis
787 2776 861 2839 ante
877 2774 1029 2841 Ordinem
1046 2774 1178 2836 Sacrum

118 2875 360 2959 suscipiendum
393 2879 553 2941 exercitiis
583 2877 805 2963 spiritualibus
826 2899 882 2963 per
912 2878 1020 2941 decem
1052 2877 1121 2939 dies
1143 2876 1179 2937 in

117 2974 212 3041 domo
236 2977 357 3043 urbana
384 2980 593 3045 sacerdotum
608 3002 627 3044 a
641 2982 797 3045 Missione
822 2987 1088 3063 nuncupatorum,
1106 2998 1176 3042 sus·

116 3081 305 3161 pensionem
332 3082 371 3147 ab
393 3083 560 3147 ordinibus
576 3085 622 3148 sic
644 3084 804 3167 susceptis
828 3083 868 3146 ad
890 3081 1125 3166 beneplacitum
1142 3080 1184 3142 S.-

118 3177 214 3246 Sedis
229 3185 299 3268 ipso
310 3187 384 3269 jure
398 3187 584 3250 incurrunt:
605 3187 760 3271 Episcopi
774 3208 846 3250 vero
861 3185 1044 3250 ordinantes
1059 3182 1098 3247 ab
1114 3202 1176 3246 usu

116 3284 354 3352 Pontificalium
369 3310 425 3374 per
440 3310 572 3354 annum.

202 3659 207 3672 ι
261 3573 464 3640 Iurnamoun
478 3594 581 3640 aaran
599 3576 808 3641 Snnrnnrmn
823 3575 1028 3640 Rnsnavnrr.

160 3710 191 3774 1.
215 3709 428 3776 Interdictum
443 3712 587 3778 Romano
602 3714 751 3779 Pontifici
777 3714 907 3798 speciali
926 3712 1020 3777 modo
1035 3731 1172 3776 reserva-

113 3810 186 3877 tum
201 3813 273 3897 ipso
283 3815 356 3898 jure
364 3816 535 3880 incurrunt
549 3815 792 3896 Universitates,
809 3813 951 3900 Collegia
965 3821 998 3880 et
1013 3812 1172 3900 capitula,
1190 3843 1195 3851 ·

114 3933 315 4002 quocumque
336 3919 467 3984 nomine
494 3925 732 4005 nuncupentur,
755 3918 795 3983 ab
824 3917 1079 3986 ordinationibus
1116 3937 1173 3983 seu
