2572 4410
608 346 672 412 149
752 296 756 309 ’

209 515 298 586 XIV.
320 519 374 584 De
388 518 603 586 Paenitentia.
648 519 720 586 Λή.
737 517 911 586 sexdecim.

229 619 300 688 XV.
323 621 375 686 De
388 621 553 688 Oensenis.
598 621 670 688 Art.
687 629 771 689 aeta.

206 722 295 790 XVI.
319 724 372 790 De
386 725 546 789 Extrema
571 725 736 791 Unatiane.
781 725 853 791 Λή.
869 744 935 790 sax.

186 823 294 892 XVII.
317 826 370 891 De
384 827 607 892 Matrimonia.
652 829 723 892 Λή.
737 834 821 893 acta.

121 972 126 977 -
168 926 295 996 XVIII.
318 929 371 994 Dc
386 929 461 994 Vita
472 939 502 994 et
516 926 693 996 Honestate
704 930 908 996 Cteticannn.
945 928 1017 996 Λή.
1029 931 1160 1015 viginti-

372 1033 529 1118 quiuquc:

204 1131 296 1198 XIX.
318 1133 371 1198 De
392 1134 576 1218 Episcopis.
620 1134 692 1199 Λή.
703 1135 922 1218 triginta-sax.

217 1234 291 1300 XX.
314 1237 366 1300 De
400 1237 537 1302 Vicaniis
570 1238 781 1305 Geneeaiibns
810 1246 841 1302 et
868 1238 1037 1304 Faraneie.
1081 1235 1152 1305 Λή.

370 1343 498 1388 novem.

199 1423 292 1490 XXI.
313 1425 367 1490 Dc
382 1426 548 1491 Parachis.
593 1425 665 1491 Λή.
681 1423 986 1512 triginta-quatuor.

184 1525 295 1592 XXII.
317 1529 369 1592 De
382 1529 625 1611 Caadjntaeibns
640 1530 866 1594 Paeacnannnc.
911 1529 982 1596 Λή.
1000 1536 1135 1615 septam.

164 1628 293 1694 XXIII.
315 1632 367 1695 De
382 1632 461 1695 ainis
482 1632 664 1715 Reiiyiasis.
709 1631 780 1696 Λή.
797 1638 881 1697 octa.
1242 1629 1245 1634 ’

174 1731 295 1798 XXIV.
317 1735 368 1798 De
382 1734 593 1800 Maniaiibns.
638 1734 708 1799 Λή.
725 1733 919 1827 quindecim.

194 1834 295 1903 XXV.
318 1837 370 1899 De
385 1837 632 1900 dissensionibus
654 1838 740 1901 inter
752 1838 838 1901 ainos
860 1837 1082 1903 ecclesiasticas
1097 1839 1158 1904 eai-

371 1939 489 2003 tantis.
533 1941 604 2003 Λή.
622 1959 688 2004 sex.

174 2038 295 2106 XXVI.
318 2042 370 2104 De
392 2042 498 2105 iitibns
513 2042 679 2107 evitandis.
724 2041 794 2106 Λή.
812 2043 964 2127 quinque.

153 2141 291 2208 XXVII.
314 2145 366 2208 De
381 2145 468 2208 Fara
480 2145 696 2209 ecclesiastica.
742 2144 813 2209 Λή.
831 2151 916 2209 acio.

130 2243 288 2312 XXVIH.
312 2248 363 2310 De
378 2246 526 2312 Anchiaie
542 2247 776 2319 constituendis.
821 2245 894 2312 Λή.
912 2252 1056 2332 quatuor.

170 2347 293 2412 XXIX.
316 2350 367 2413 De
382 2350 486 2414 Bonis
502 2351 727 2415 ecciesiasticis.
772 2349 844 2414 Λή.
861 2356 942 2414 οήο.

189 2449 295 2516 ΧΧΧ.
317 2453 368 2516 De
407 2453 572 2518 Onthaiiaa
607 2452 784 2536 jnaantntis
820 2451 1027 2517 institntiane.
1087 2451 1158 2516 Λή.
1254 2491 1257 2505 ·

372 2562 518 2645 quatuor.

168 2654 291 2720 XXXI.
314 2658 365 2721 De
377 2657 500 2724 Sciatis
522 2659 758 2724 Nationaiibns.
803 2659 875 2723 Λή.
893 2656 1014 2723 dacem.

151 2757 292 2822 XXXII.
316 2762 366 2823 De
381 2761 504 2827 Sciatis
526 2763 730 2827 Maniaiinm.
775 2759 845 2825 Λή.
862 2759 985 2826 decem.

132 2859 293 2925 XXXIII.
315 2864 366 2926 De
378 2864 549 2928 Fratribns
560 2864 614 2947 qni
625 2864 748 2929 Sciatis
754 2873 920 2945 praesent.
951 2865 1023 2927 Λή.
1035 2863 1156 2929 decem.

140 2962 293 3030 XXXIV.
315 2966 366 3029 De
381 2965 498 3030 Sciaia
507 2967 644 3031 naeneaii
658 2966 820 3030 catiaiica.
865 2964 935 3030 Art.
949 2967 1100 3051 quinque.

105 3054 108 3059 ’
163 3064 297 3134 XXXV.
319 3069 371 3132 De
387 3069 535 3152 Calleqiis
550 3077 580 3133 et
597 3069 721 3134 Schaiis
743 3070 907 3134 titanaennc
928 3068 1158 3133 inneaniannni.

371 3169 443 3236 Λή.
460 3177 537 3238 tres.

141 3269 291 3337 XXXVI.
315 3275 365 3337 De
388 3275 579 3340 Seminatiis
601 3274 827 3340 ecciesiasticis.
872 3273 943 3339 Λή.
967 3278 1050 3338 octa.

125 3371 296 3440 XXXVII.
319 3378 370 3440 De
387 3377 535 3460 Oaiieaiis
550 3378 690 3459 Reqinae
702 3387 732 3442 et
746 3378 783 3442 cia
800 3377 1011 3443 Uniaensitate
1022 3374 1159 3440 Aeetia-

269 3479 270 3484 ’
373 3480 435 3543 lica
448 3480 649 3545 Dnbiincnsi.
693 3481 765 3545 Λή.
782 3501 905 3549 novem.

111 3577 300 3645 XXXVHI.
321 3583 373 3645 De
392 3584 602 3650 Universitate
620 3583 795 3649 Catholica.
839 3584 911 3646 Λή.
921 3583 1071 3667 quinque.

142 3681 297 3747 XXXIX.
320 3686 372 3748 De
394 3687 601 3751 Societatibns
619 3687 817 3768 proscriptis.
848 3684 933 3748 Λή.
951 3685 1105 3770 quinque.

221 3784 294 3850 XL.
316 3789 368 3859 De
383 3789 471 3852 iibnis
482 3790 594 3870 peanis
608 3789 758 3853 vitandis.
803 3787 873 3852 Λή.
890 3792 974 3852 acta.

209 3886 298 3954 XLI.
322 3893 373 3956 Dc
397 3893 486 3958 Onna
507 3893 745 3975 Defnnctarnen.
791 3890 860 3956 Λή.
877 3890 1041 3957 tredecIm.
