2572 4410
591 302 653 366 193

93 471 179 533 ratio
194 471 270 537 fidei
291 471 504 537 fundamenta
526 471 736 549 demonstret,
752 473 884 555 ejusque
906 471 1031 536 lumine
1054 472 1145 536 illus·

94 579 179 635 trata
194 594 302 639 rerum
319 576 500 639 divinarum
524 576 691 638 seientiam
723 574 848 637 excolat
866 594 874 651 ;
898 574 976 638 fides
997 594 1071 638 vero
1091 594 1144 639 ra·

92 677 221 740 tionem
237 678 276 741 ab
292 679 450 743 erroribus
463 677 579 742 liberet
603 699 639 740 ac
655 679 795 754 tueatur,
813 696 947 760 eamque
972 679 1145 760 multiplici

92 781 279 860 cognitione
291 783 442 846 instruat.
489 781 689 864 Quapropter
696 786 824 844 tantum
839 780 937 855 abest,
955 786 991 843 ut
1000 781 1145 845 Ecclesia

93 877 314 947 humanarum
337 885 457 947 artium
488 890 521 945 et
543 882 787 965 disciplinarum
821 883 963 945 culturae
997 882 1144 960 obsistat,

92 981 228 1047 uthanc
243 986 356 1049 multis
371 986 477 1049 modis
491 983 581 1065 juvet
596 992 690 1069 atque
705 985 903 1067 promoveat.
963 982 1037 1047 Non
1056 986 1144 1047 enim

92 1086 264 1150 commoda
278 1087 318 1151 ab
333 1090 376 1152 iis
390 1089 431 1151 ad
444 1077 615 1152 hominum
628 1090 726 1151 vitam
738 1088 935 1152 dimanantia
950 1094 1006 1150 aut
1020 1089 1146 1170 ignorat

93 1195 152 1252 aut
166 1188 324 1272 despicit3
347 1192 465 1255 fatetur
488 1193 564 1268 imo,
582 1212 645 1267 eas,
663 1189 935 1275 quemadmodum
950 1213 968 1254 a
992 1191 1069 1266 Deo,
1086 1192 1146 1254 sci·

93 1294 255 1356 entiarum
269 1295 410 1358 Domino
431 1296 587 1378 profectae
609 1296 696 1371 sunt,
711 1295 757 1356 ita
781 1295 809 1359 si
824 1294 883 1357 rite
898 1299 1143 1376 pertractentur,

93 1397 134 1460 ad
148 1397 268 1472 Deum,
281 1399 413 1480 juvante
437 1400 506 1481 ejus
530 1400 642 1481 gratia,
658 1396 842 1481 perducere.
887 1396 953 1460 Nec
977 1418 1052 1460 sane
1076 1398 1147 1480 ipsa

92 1506 191 1578 vetat,
208 1521 249 1563 ne
278 1500 465 1584 hujusmodi
495 1501 681 1584 disciplinae
711 1502 745 1563 in
774 1520 833 1563 suo
857 1520 1000 1584 quaeque
1024 1500 1146 1564 ambitu

93 1604 234 1688 propriis
250 1609 383 1667 utantur
397 1605 565 1687 principiis
575 1611 608 1667 et
622 1605 749 1687 propria
763 1603 916 1668 methodo
929 1627 937 1681 ;
956 1603 1012 1666 sed
1023 1601 1146 1683 justam

92 1705 178 1770 hanc
192 1699 373 1771 libertatem
389 1725 580 1790 agnoscens,
597 1706 631 1770 id
644 1707 754 1773 sedulo
770 1713 860 1770 cavet
875 1727 915 1770 ne
931 1707 1056 1769 divinae
1072 1705 1147 1771 doc·

91 1811 198 1874 trinae
227 1809 437 1893 repugnando
469 1832 591 1874 errores
620 1811 655 1874 in
690 1831 724 1876 se
757 1811 944 1894 suscipiant,
976 1815 1032 1873 aut
1064 1811 1146 1875 fines

91 1913 239 1996 proprios
253 1913 485 1995 transgressae,
499 1935 535 1976 ea
550 1935 631 1997 quae
659 1919 736 1978 sunt
750 1913 835 1990 fidei,
858 1918 1014 1995 occupent
1029 1918 1061 1977 st
1075 1935 1145 1999 per·

91 2014 239 2078 turbent.

136 2115 250 2200 Neque
266 2113 355 2180 enim
378 2115 455 2180 fidei
480 2114 633 2182 doctrina
649 2136 749 2200 quam
765 2115 855 2180 Deus
868 2114 1039 2193 revelavit,
1055 2116 1145 2181 velut

90 2217 360 2301 philosophicum
375 2216 548 2283 inventum
563 2217 735 2303 proposita
752 2221 802 2283 est
832 2217 987 2282 humanis
1003 2220 1145 2300 ingeniis

90 2319 303 2404 perficienda,
328 2321 384 2384 sed
414 2324 575 2404 tanquam
621 2323 766 2385 divinum
796 2320 984 2404 depositum
1021 2318 1145 2386 Christi

92 2421 241 2506 Sponsae
256 2422 392 2499 tradita,
410 2424 549 2487 fideliter
564 2422 779 2488 custodienda
799 2424 832 2487 et
858 2421 1076 2487 infallibiliter
1091 2424 1144 2487 de-

88 2512 261 2589 claranda.
306 2525 395 2588 Hinc
422 2546 593 2590 sacrorum
617 2545 743 2611 quoque
770 2527 961 2607 dogmatum
984 2527 1014 2589 is
1030 2545 1145 2590 sensus

89 2632 246 2710 perpetuo
263 2629 313 2691 est
338 2626 540 2704 retinendus,
567 2648 663 2712 quem
691 2628 791 2692 semel
817 2627 992 2691 declaravit
1022 2626 1144 2693 Sancta

89 2729 372 2806 MaterEeclesia,
380 2750 440 2794 nee
450 2751 597 2814 unquam
607 2731 649 2795 ab
660 2751 697 2796 eo
705 2751 815 2806 sensu,
824 2731 951 2795 altioris
959 2731 1143 2814 intelligen-

89 2835 154 2897 tiae
167 2835 273 2916 specie
285 2835 317 2898 et
329 2835 471 2909 nomine,
481 2832 708 2898 recedendum.
754 2832 887 2899 Crescat
901 2835 1002 2916 igitur
1016 2835 1048 2897 et
1060 2834 1144 2897 mul-

89 2938 163 3002 tum
178 2936 448 3020 vehementerque
467 2939 626 3020 proficiat,
643 2940 711 3002 tam
728 2937 941 3018 singulorum,
960 2956 1057 3020 quam
1073 2956 1143 3000 om·

89 3042 194 3116 nium,
210 3042 279 3104 tam
293 3040 391 3104 unius
401 3038 556 3117 hominis,
571 3042 785 3124 quamtotius
800 3040 975 3116 Ecclesiae,
993 3046 1142 3103 aetatum

90 3164 130 3209 ac
146 3144 348 3208 saeculorum
371 3142 536 3225 gradibus,
559 3144 784 3227 intelligentia,
802 3145 945 3218 scientia,
963 3140 1141 3224 sapientia:

91 3246 198 3312 sedin
215 3267 273 3310 suo
297 3245 470 3310 dumtaxat
485 3266 611 3329 genere,
643 3249 677 3310 in
697 3245 810 3310 eodem
835 3248 956 3311 scilicet
979 3247 1139 3330 dogmate,

90 3351 203 3417 eodem
219 3370 328 3430 sensu,
345 3349 521 3434 eademque
536 3348 722 3414 sententia.1

423 3513 432 3550 ¹
448 3513 517 3566 l'iuc.
530 3514 581 3565 Lir.
593 3515 724 3566 Common.
736 3530 762 3566 n.
774 3515 812 3566 28.
