2572 4410
612 307 678 378 228

431 485 761 571 APPENDIX
806 489 859 573 V.

498 623 563 694 [Ad.
570 641 634 700 pap.
646 625 691 692 76,
702 642 728 678 n.
740 626 798 699 89.]

132 922 197 984 nn
235 922 542 986 ruornssronn
580 921 707 984 rrum
743 920 803 984 nr
823 920 1151 992 *msonurroun

460 1023 832 1092 usnuurroonou.

637 1190 656 1253 I

163 1300 335 1389 Proposito
351 1301 450 1367 dubio
465 1303 505 1366 R.
522 1303 559 1365 P.
577 1303 617 1363 D.
632 1302 704 1384 Epi.
729 1298 976 1385 Philadelphiae
992 1305 1076 1368 eirea
1098 1323 1173 1387 pro-

115 1403 298 1471 fessionem
314 1404 391 1468 fidei
413 1427 448 1469 ao
471 1402 713 1472 absolutionem
735 1403 977 1469 haeretieorum
993 1407 1071 1470 dum
1098 1427 1175 1471 oon-

116 1509 307 1583 vertuntur,
325 1506 407 1572 feria
424 1510 465 1571 iv.
483 1505 535 1570 die
561 1509 603 1571 20
620 1505 705 1570 Julii
728 1509 824 1583 1859,
841 1510 918 1571 Er‘ni
936 1509 1010 1572 DD.
1030 1509 1175 1575 deereve-

115 1612 200 1675 runt
215 1610 354 1675 dandam
372 1631 443 1675 esse
459 1607 710 1675 instructionem
726 1612 823 1693 prout
839 1610 1006 1694 sequitur:

162 1712 205 1776 In
221 1711 431 1777 conversione
446 1711 689 1777 haereticorum
704 1710 938 1795 inquirendum
955 1711 986 1778 1⁰
1002 1707 1174 1779 De'validi·
1221 1710 1227 1717 ’

114 1823 189 1880 tate
211 1814 377 1899 Baptismi
391 1814 426 1879 in
442 1815 568 1879 haeresi
592 1813 747 1898 suseepti.
792 1814 951 1881 Instituto
977 1815 1078 1899 igitur
1100 1817 1173 1882 dili-

115 1916 210 2000 genti
225 1916 386 1994 examino,
400 1920 429 1981 si
439 1921 640 2001 compertum
652 1917 751 1980 fuerit
763 1919 822 1982 aut
832 1918 962 1981 nullum
974 1926 1030 1982 aut
1039 1920 1175 1985 nulliter

115 2021 272 2085 collatum
301 2019 415 2098 fuisse,
443 2018 636 2103 baptizandi
666 2027 764 2084 erunt
790 2021 951 2084 absolute.
1000 2019 1035 2085 si
1059 2025 1171 2088 autem

113 2122 370 2208 investigatione
396 2127 528 2206 peraeta
553 2124 662 2188 adhue
688 2121 853 2207 probabile
877 2122 1014 2188 dubium
1030 2125 1069 2188 de
1095 2127 1167 2209 bap·

115 2225 210 2293 tismi
228 2227 411 2313 ⁸validitate
438 2226 590 2310 supersit,
618 2230 699 2291 tuno
725 2227 787 2291 sub
813 2226 995 2293 conditione
1018 2230 1169 2293 iteratur.

116 2331 263 2394 Demum
293 2329 321 2394 si
352 2328 533 2395 eonstiterit
559 2329 703 2394 validum
732 2329 845 2408 fuisse,
872 2330 1051 2415 reeipiendi
1074 2341 1172 2397 erunt

116 2431 349 2498 tantummodo
387 2431 431 2496 ad
468 2430 705 2516 abjurationem
737 2453 796 2498 seu
825 2432 1060 2516 professionem
1082 2433 1171 2500 fidei.

118 2531 251 2615 Triplex
266 2531 368 2615 igitur
386 2531 422 2597 in
446 2531 657 2597 oonoiliandis
673 2533 846 2599 haereticis
861 2534 1075 2618 distinguitur
1096 2557 1170 2620 pro·

116 2631 454 2698 cedendimethodus.
809 2629 818 2651 ⁸

162 2740 195 2799 1⁰
219 2734 255 2801 Si
280 2734 474 2818 Baptismus
495 2736 645 2800 absolute
670 2737 864 2814 conferatur,
882 2737 974 2800 nulla
992 2736 1172 2820 requiritur

115 2835 290 2921 abjuratio,
318 2857 378 2900 neo
409 2836 582 2912 absolutio,
608 2857 645 2900 eo
672 2836 758 2920 quod
786 2841 899 2903 omnia
925 2839 1041 2904 abluat
1068 2861 1170 2903 saura-

115 2943 267 3005 mentum
282 2936 552 3021 regenerationis.

159 3045 194 3107 2⁰
219 3040 254 3106 si
283 3042 478 3124 Baptismus
507 3040 551 3108 sit
590 3042 652 3107 sub
683 3040 870 3108 conditione
899 3043 1079 3118 iterandus,
1106 3041 1169 3106 hoo

115 3148 231 3215 ordine
246 3147 489 3233 procedendum
505 3145 576 3212 erit.

160 3261 215 3342 (Δ).
238 3260 412 3343 Abjuratio
428 3279 486 3323 seu
502 3255 594 3321 Fidei
609 3256 780 3340 professio.

161 3366 221 3445 (n).
243 3362 438 3448 Baptismus
453 3360 708 3427 conditionatus.

161 3467 219 3547 (o).
244 3461 415 3531 Confessio
440 3460 697 3530 Sacramentalis
728 3482 803 3526 oum
826 3457 1032 3526 absolutione
1063 3457 1172 3522 eondi-

112 3571 356 3749 ¹⁵1(titattgtrando
372 3665 509 3750 denique
525 3665 672 3731 validum
683 3663 866 3749 judicatum
883 3663 982 3729 fuerit
996 3663 1171 3747 baptisma,

115 3770 187 3837 sola
202 3767 359 3855 recipitur
371 3769 531 3851 abjuratio
547 3787 606 3837 seu
621 3765 697 3835 fidei
711 3763 873 3852 professio
889 3785 987 3851 quam
1011 3761 1176 3832 absolutio

116 3868 300 3938 acensuris
316 3866 476 3954 sequitur.
