2572 4410
592 475 695 541 XXX.

275 621 319 667 DE
342 618 522 665 cumeum
543 617 742 663 JUVENTUTIS
764 617 1008 662 mammona.

158 725 234 791 278.
252 724 360 799 Quum
377 720 526 784 Christus
537 718 697 781 Dominus
711 719 899 781 Pastoribus
914 717 1078 781 Ecclesiae
1094 712 1180 781 truso¹

114 827 149 890 in
185 838 321 909 persona
357 822 585 906 Apostolorum
621 822 760 885 officium
798 823 996 885 commiserit
1037 812 1199 885 docendi¹

114 930 296 992 universam
319 925 535 992 Christianam
564 922 702 1005 plebem,
727 923 855 988 dicens:
889 924 1043 985 “antca
1066 921 1173 984 docete

116 1034 137 1062 “
148 1051 254 1093 0111000
268 1037 374 1110 pentes
398 1069 407 1085 .
432 1073 440 1088 .
465 1074 471 1087 .
495 1025 1172 1106 docenteseosaemoreomaioqaoecaaqae

116 1134 138 1162 “
150 1130 302 1194 1001111001·
315 1128 434 1204 vobia‚”
451 1146 614 1210 quumque
629 1127 761 1188 maximi
784 1127 828 1189 sit
850 1127 1006 1189 momenti
1028 1133 1067 1189 ut
1081 1127 1133 1189 rel
1154 1147 1175 1189 a

113 1230 227 1314 primis
242 1228 337 1290 annis
352 1226 478 1288 animae
494 1224 568 1286 fidei
585 1225 708 1288 lumine
723 1225 958 1301 illuminentur,
975 1246 1013 1288 oe
1028 1237 1171 1306 coquam

113 1328 314 1393 obdormiant
328 1327 365 1388 111
380 1334 489 1403 morte,
506 1326 650 1388 muneris
665 1328 766 1388 nostri
786 1333 836 1390 est
850 1328 1011 1410 imprimis
1026 1328 1120 1390 enixe
1135 1328 1172 1390 in

114 1431 255 1494 Domino
284 1427 406 1490 hortari
436 1433 468 1489 et
498 1427 660 1492 obsecrare
689 1436 836 1512 parentes
867 1435 899 1492 et
933 1429 1013 1492 alios
1043 1449 1171 1507 omnes,

114 1530 231 1614 quibus
252 1529 434 1612 juventutis
451 1548 526 1591 cura
553 1529 744 1593 demandata
769 1536 830 1606 est,
848 1537 885 1592 ut
908 1530 948 1593 ad
971 1532 1173 1596 Catholicam

114 1633 287 1696 liberorum
327 1632 548 1695 educationem
582 1652 711 1715 operam
747 1632 996 1717 diligentissime
1037 1643 1169 1714 navent,

113 1741 272 1819 quatenus
287 1735 322 1797 in
334 1735 375 1796 iis
391 1753 470 1815 quae
485 1733 526 1794 ad
541 1732 638 1796 fidem
649 1740 681 1797 et
696 1755 801 1798 mores
817 1743 972 1818 spectant,
984 1738 1064 1802 bene
1076 1740 1172 1802 insti·

112 1845 256 1915 tuantur,
280 1845 313 1902 et
342 1837 383 1900 ad
417 1837 516 1900 vitam
546 1857 627 1918 quae
661 1839 883 1902 sanctissimae
921 1847 1050 1904 nostrae
1095 1842 1173 1905 fidei

113 1942 342 2007 dictaminibus
358 1943 401 2006 sit
417 1941 599 2015 conformis,
610 1941 704 2023 plene
720 1942 938 2006 efformentur.

157 2048 199 2115 27
201 2050 232 2112 9.
256 2049 454 2130 Quapropter
468 2067 487 2108 a
501 2045 674 2107 tenerrima
686 2066 788 2128 usqne
800 2052 902 2110 aetate
915 2046 1060 2111 devotam
1074 2049 1172 2114 Sanc-

111 2150 313 2214 tissimorum
328 2150 350 2212 J
351 2171 408 2212 esu
424 2155 456 2212 et
470 2149 592 2211 Mariae
607 2149 776 2212 nominum
786 2150 1030 2228 invocationem,
1047 2174 1172 2216 necnon

113 2255 298 2318 Orationem
314 2253 527 2330 Dominicam‚
541 2253 729 2335 Angelioam
747 2253 978 2319 Salutationem
990 2261 1023 2318 et
1037 2256 1171 2334 Symbo-

112 2356 183 2420 lum
197 2355 424 2439 Apostolorum
440 2376 494 2417 eos
510 2355 680 2432 edoceant;
707 2361 739 2418 et
763 2352 892 2418 videant
920 2363 957 2420 ut
980 2357 1172 2422 Doctrinam

114 2459 396 2522 Christianamseu
405 2458 645 2522 Catechismum
657 2479 675 2520 a
686 2460 900 2542 primisannis
907 2461 1043 2539 discant,
1052 2471 1084 2527 et
1090 2470 1173 2526 tem-

112 2563 199 2645 poris
216 2562 363 2655 decursa,
377 2564 480 2644 magis
496 2563 664 2645 magisque
675 2563 709 2625 in
725 2563 869 2627 doctrina
883 2565 958 2628 fidei
972 2567 1172 2631 erudiantur.

157 2664 232 2726 280.
257 2663 397 2726 Caveant
419 2685 459 2726 ne
484 2662 576 2746 culpa
599 2685 656 2727 sua
671 2664 751 2728 fides
765 2666 816 2728 vel
831 2688 937 2730 mores
951 2669 1174 2751 periclitentur

112 2765 328 2852 parvulorum,
345 2787 402 2848 pro
430 2766 546 2850 quibus
573 2767 724 2830 Christus
751 2776 899 2833 mortuns
925 2776 986 2834 est.
1031 2772 1173 2835 Proinde

114 2889 218 2952 neque
248 2869 288 2930 ad
312 2868 436 2930 scholas
462 2889 480 2930 a
502 2868 689 2931 Pastoribus
715 2869 879 2934 Ecclesiae
908 2872 1094 2935 interdictas
1121 2873 1174 2935 vel

114 2978 279 3055 suspectas
294 2972 378 3034 filios
394 2972 515 3035 filiasve
532 2992 606 3035 snas
622 2972 755 3034 mittant
770 2994 828 3035 1100
844 2973 911 3037 ullo
928 2975 987 3038 sub
1002 2980 1173 3059 praetextu

112 3078 193 3142 tales
210 3076 334 3139 scholas
350 3097 404 3138 eos
421 3077 621 3159 frequentare
637 3076 756 3139 sinant.
1058 3147 1061 3153 ,

158 3180 287 3243 281.Ιο
310 3180 497 3242 memoriam
523 3199 706 3241 revocamus
733 3179 879 3241 omnium
902 3180 1046 3243 fidelium
1078 3201 1174 3243 curae

114 3289 242 3346 nostrae
256 3280 408 3363 pastorali
419 3281 663 3343 commissorum
680 3281 843 3345 anemine
860 3281 1025 3346 Catholioo
1043 3285 1064 3313 “
1077 3304 1174 3366 posse

116 3383 276 3467 “probari
296 3403 367 3445 eam
383 3381 566 3464 juventutis
587 3382 806 3444 instituendae
821 3384 980 3446 rationem
996 3404 1078 3466 quae
1095 3385 1139 3446 sit
1155 3405 1174 3446 0

115 3489 137 3516 “
149 3485 312 3548 Catholica
327 3483 389 3545 fide
406 3490 438 3546 et
453 3484 492 3547 ab
504 3483 668 3546 Ecclesiae
683 3490 843 3566 potestate
856 3485 1012 3568 sejuncta,
1028 3507 1174 3569 quaeque

116 3590 137 3619 “
149 3608 257 3650 rerum
268 3586 434 3649 dumtaxat
449 3585 644 3648 naturalium
661 3586 828 3648 scientiam
844 3608 879 3649 00
892 3594 1034 3651 terrenae
1045 3589 1174 3651 socialis

117 3689 233 3751 “vitae
256 3685 338 3750 fines
365 3687 590 3749 tantummodo
612 3688 663 3749 vel
692 3689 806 3751 saltem
833 3691 985 3772 primario
1015 3695 1174 3774 spectat.''

96 3789 248 3870 (Syllae
265 3789 358 3870 Prop.
382 3790 436 3864 48,
452 3789 505 3849 Ex
528 3789 622 3871 epist.
640 3789 680 3854 ad
702 3790 853 3875 Archiep.
870 3793 1019 3877 Friburg.
1066 3795 1175 3872 Quam

114 3895 271 3972 11000100,
289 3896 329 3956 14
344 3895 366 3957 J
368 3894 426 3956 ulii
442 3895 552 3973 1864.)
