2572 4410
627 286 669 350 39

381 474 446 537 Dic
464 475 499 537 V.
514 473 715 555 Septembris,
731 473 912 538 Dominicc.

159 611 255 675 Hora
270 609 439 675 undecima
453 611 701 674 antemeridiana
711 608 816 674 habiti
827 617 903 675 sunt
918 611 1169 696 Deputationum

115 711 315 780 Conventus.

483 911 817 921 ——ss

352 1117 417 1180 nu
435 1118 492 1181 Vr.
509 1115 711 1196 secentas,
728 1116 828 1179 seeo
841 1117 892 1180 Π.

158 1253 254 1317 Hora
283 1252 405 1316 decima
434 1249 682 1314 antemeridiana
707 1248 842 1313 Missam
864 1249 902 1313 dc
926 1251 1078 1332 Requiem
1110 1274 1167 1337 pro

114 1354 292 1439 Episcopis
307 1351 481 1417 Hiberniae
497 1353 655 1416 defunctis
671 1353 726 1436 qui
741 1353 816 1416 inde
832 1374 849 1415 a
865 1353 1007 1416 Concilio
1023 1353 1169 1421 Plenario

116 1457 310 1521 Thurlesiae
324 1478 376 1520 au³
395 1455 479 1518 1850
494 1454 614 1530 habito,
631 1475 649 1516 e
663 1456 729 1517 vita
742 1456 968 1536 migraverunt,
986 1455 1170 1522 solemniter

115 1559 289 1623 celebravit
310 1558 425 1621 Illffrus
447 1565 479 1621 et
501 1555 641 1620 Revrbus
664 1556 706 1619 Ι).
721 1556 900 1640 Episcopus
924 1556 1168 1641 Cloghereusis;

115 1663 170 1725 cui
197 1661 411 1724 adstiterunt.
442 1659 592 1723 Sacerdos
615 1660 780 1734 assistens,
804 1658 881 1722 Rev.
909 1658 951 1722 D.
974 1658 1168 1728 Guillelmus

115 1760 246 1839 Walsh,
286 1763 430 1838 S...;TD
476 1763 707 1825 Diaconust
675 1767 707 1824 et
738 1760 966 1840 Subdiaconus,
997 1762 1067 1827 RR.
1094 1765 1167 1829 DD.

118 1864 318 1931 Guillelmus
332 1864 442 1930 White
457 1871 489 1928 et
503 1865 643 1928 loannes
658 1861 705 1926 M‘
707 1863 857 1927 Donnell.

162 1969 253 2032 Hora
268 1967 436 2030 undecima
450 1967 699 2030 antemeridiana
713 1964 815 2030 babiti
831 1972 907 2030 sunt
917 1967 1169 2050 Deputationum

117 2076 307 2134 conventus.

280 2256 596 2323 GONGREGATIO
620 2255 810 2322 PRIVATA
832 2255 1009 2319 TERTIA.

162 2409 289 2473 Eodem
315 2409 367 2472 die
390 2409 468 2472 hora
491 2411 628 2474 secunda
654 2433 727 2474 cum
751 2409 883 2473 dimidio
905 2416 978 2493 post
1001 2410 1166 2474 meridiem

118 2520 334 2577 convenerunt
351 2511 460 2575 Patres
475 2534 548 2575 cum
564 2512 762 2577 officialibus.

163 2613 304 2697 Perlegit
334 2615 527 2678 Secretarius
557 2615 620 2680 duo
649 2615 824 2698 postulata:
864 2636 965 2679 unum
996 2616 1035 2679 de
1070 2637 1166 2699 parvo

117 2716 313 2782 catechismo
354 2717 405 2780 cui
444 2716 694 2800 subscripserant
734 2718 822 2780 Illriii
866 2724 898 2780 et
942 2719 1054 2781 Revffii
1092 2718 1165 2780 DD.

117 2821 273 2904 Episcopi
289 2819 497 2895 Ossoriensis‚
514 2819 722 2896 Achadensis‚
739 2828 771 2884 et
794 2820 965 2904 Goadjutor
988 2821 1166 2883 Kildarien-

118 2925 184 2988 sis:
210 2923 345 2986 alterum
375 2922 413 2985 de
452 2923 636 3006 quaestione
666 2924 802 3006 quadam
831 2924 978 3005 practica,
1011 2924 1062 2986 oui
1093 2921 1165 2985 sub-

117 3026 290 3109 scripserat
325 3025 440 3087 Illrbus
477 3031 509 3087 et
545 3024 685 3089 Revri‘im
721 3024 903 3109 Episcopus
933 3023 1096 3088 Dunensis
1133 3030 1166 3087 et

117 3127 354 3191 Gonnorensis:
379 3127 523 3210 quaestio
539 3133 605 3190 erat
621 3125 659 3190 de
681 3130 830 3191 societate
843 3125 939 3210 vulgo
954 3127 1039 3190 dicta
1052 3128 1166 3190 Fores-

117 3239 193 3293 tcrs.
239 3230 420 3313 Utrumque
450 3228 652 3293 Postulatum
682 3229 722 3294 ad
751 3229 999 3313 Deputationem
1023 3230 1061 3292 de
1084 3227 1166 3290 Fide

116 3331 290 3395 remissum
304 3337 364 3407 est,
382 3331 437 3394 sed
452 3331 535 3395 nihil
550 3332 691 3396 decisum
707 3339 767 3396 est.

163 3433 302 3516 Perlegit
325 3434 438 3497 deinde
462 3434 654 3498 Secretarius
678 3434 829 3499 articulos
853 3435 976 3517 Capitis
992 3432 1102 3508 Tertii,
1127 3431 1166 3494 de

116 3533 213 3600 Fidei
241 3536 390 3619 periculis
421 3537 576 3600 evitandis
603 3559 774 3601 enumero
797 3540 839 3601 20
868 3558 969 3621 usque
999 3535 1038 3598 ad
1066 3533 1165 3597 finem

116 3639 232 3722 capitis
247 3639 364 3723 quippe
379 3639 414 3701 in
430 3639 680 3722 congregatione
697 3640 824 3704 Privata
839 3638 1071 3723 Episcoporum
1085 3657 1163 3699 uon-

115 3741 196 3805 dum
220 3760 377 3804 excussos.
422 3739 619 3820 Quibusdam
643 3743 735 3806 factis
757 3740 1031 3806 emendationibus
1054 3759 1164 3802 omnes

115 3867 134 3908 a
166 3843 315 3907 Patribus
344 3844 468 3926 probati
498 3849 585 3908 sunt.
647 3844 752 3908 Simili
789 3845 908 3908 ratione
937 3864 993 3926 per
1023 3839 1177 3924 singulos
