2572 4410
606 333 673 399 242

114 503 1021 593 “pendetaprudentijudicioinspeotisciroumstantiis.
1048 507 1172 574 (lavaes

116 612 139 643 “
151 629 227 693 ergo
241 616 367 695 oportet
380 609 441 674 hac
456 607 492 673 in
506 629 542 673 re
557 607 598 674 ab
612 609 773 674 anxietate
788 606 891 674 nimia
904 610 942 674 in
951 607 1170 692 dijudicando,

116 714 138 744 “
147 731 191 777 ne
204 711 326 777 frustra
341 731 495 777 concessa
509 717 569 776 aut
588 713 720 796 peusin
735 712 827 777 nullo
841 733 918 777 casu
932 711 973 776 ad
988 719 1099 778 actum
1121 733 1172 778 re·

114 816 138 852 ‘⁶
150 814 297 879 ducenda
311 815 446 878 facultas
460 811 623 897 praedicta
635 813 819 880 videatur.’‘
862 809 926 877 Piri
941 814 1090 878 notevole
1106 815 1125 878 ὸ
1138 814 1172 880 16

111 915 362 997 dichiaraaione,
379 918 438 982 ohe
453 919 481 983 si
503 937 596 1001 porse
611 919 665 984 nel
682 919 767 982 1828
782 917 822 982 ad
836 935 883 981 un
903 918 1046 982 Pteietto
1061 917 1166 1002 Apos-

112 1021 209 1086 tolico
219 1021 304 1085 nelle
315 1020 439 1084 Antille
449 1019 482 1082 di
493 1019 651 1085 America.
695 1018 883 1085 Diffidando
895 1019 970 1105 quel
981 1018 1126 1085 Preietto
1137 1019 1172 1083 di

113 1131 205 1209 poter
219 1127 268 1188 far
288 1144 348 1189 uso
363 1123 651 1207 tranquillaments
666 1123 749 1189 della
763 1124 879 1189 tacolti
894 1122 929 1188 in
944 1122 1091 1190 discorso
1112 1145 1173 1208 per

113 1224 145 1290 16
174 1226 265 1306 gravi
291 1226 485 1301 condizioni,
512 1225 571 1289 ohe
600 1225 632 1290 la
659 1224 862 1304 oiroondauo,
894 1247 970 1290 aveo
998 1223 1171 1309 implorato

116 1327 340 1409 “ampliorem
355 1326 543 1392 facultatem
558 1349 577 1391 a
593 1326 674 1392 Sede
689 1328 877 1411 Apostolica
892 1329 1021 1412 copiam
1031 1326 1172 1392 faciendi

116 1430 139 1460 “
151 1428 348 1513 presbyteris
373 1475 381 1493 .
407 1475 416 1492 .
441 1475 450 1492 .
475 1477 485 1493 .
507 1434 546 1493 ut
561 1426 678 1494 diebus
692 1427 865 1494 dominicis
878 1428 1171 1514 etsestisdeprae-

116 1535 137 1563 “
150 1537 242 1616 cepto
271 1529 410 1597 missam
435 1532 486 1596 bis
511 1532 670 1597 celebrare
695 1530 835 1617 possint,
862 1554 937 1597 oum
962 1531 997 1596 id
1023 1534 1169 1617 postulet

116 1641 138 1669 “
147 1639 324 1703 necessitas
353 1639 411 1702 aut
442 1637 622 1720 spiritualis
645 1638 791 1702 fidelium
814 1638 903 1702 utilit
904 1640 974 1702 as.”
1030 1636 1172 1704 Fattane

113 1736 274 1804 relacione
289 1740 320 1803 al
334 1740 425 1823 Papa
441 1739 516 1802 nell'
532 1737 670 1803 udienza
684 1737 738 1804 dei
753 1742 794 1805 13
809 1737 920 1823 Aprile
940 1737 1029 1825 gli
1002 1760 1031 1805 s1
1045 1738 1173 1823 risposa

113 1841 169 1905 nel
182 1842 277 1906 modo
295 1842 501 1926 seguentez‘
506 1843 619 1907 ‘Talis
634 1839 831 1907 existimatio
843 1864 879 1907 es
881 1840 1036 1908 tvirtutis
1051 1850 1084 1908 et
1094 1864 1172 1927 pru·

115 1945 277 2010 “dentiae
291 1953 379 2023 tuae,
395 1948 432 2011 ut
449 1946 501 2010 Ss.
517 1946 560 2009 D.
577 1946 619 2010 N.
632 1943 779 2029 jusserit,
796 1966 930 2011 omnem
952 1947 1115 2030 deponere
1137 1949 1171 2013 te

116 2052 138 2082 “
148 2050 262 2114 debere
277 2050 477 2115 anxietatem
493 2047 608 2127 animi,
619 2056 652 2114 et
665 2071 694 2115 s1
684 2047 944 2115 existimaveris
953 2048 1173 2117 necessarium

30 2204 32 2208 .
116 2154 137 2184 “
150 2172 222 2218 6666
243 2153 294 2216 ι61
321 2150 472 2217 fidelibus
492 2153 700 2217 vehementer
725 2149 817 2231 utile,
841 2159 878 2217 ut
864 2153 1095 2218 tSaeerdotes
1122 2151 1173 2220 bis

117 2254 285 2321 “missam
317 2256 429 2322 eodem
466 2259 549 2321 festo
574 2255 627 2320 die
653 2257 827 2334 celebrent,
851 2258 1021 2322 verborum
1054 2258 1174 2342 quibus

117 2361 344 2443 “rescriptum
366 2361 526 2424 contineri
548 2358 686 2437 videtur,
703 2361 808 2442 rigore
832 2361 1026 2424 commoveri
1049 2366 1084 2424 ι6
1106 2381 1174 2426 non

118 2462 139 2492 “
152 2459 276 2524 debere.
322 2460 519 2525 Prudentiae
541 2462 650 2544 itaque
672 2467 705 2524 st
727 2458 941 2525 eonscientiae
964 2461 1006 2524 D.
1024 2462 1062 2526 Τ.
1087 2481 1173 2526 oom-

117 2560 255 2626 “mittit
271 2563 310 2626 de
326 2561 522 2627 necessitate
534 2560 611 2639 ista,
626 2569 659 2627 et
670 2582 841 2626 causarum
856 2560 1015 2646 gravitate
1025 2561 1174 2646 judicare

117 2666 140 2696 “
152 2670 252 2749 atque
268 2666 301 2728 in
318 2665 359 2729 iis
375 2685 484 2728 rerum
500 2663 664 2747 adjunctis
678 2664 866 2728 facultatem
881 2684 939 2748 per
955 2671 1174 2729 memoratum

117 2767 346 2849 “rescriptum
362 2767 488 2849 copiam
504 2764 642 2830 faciendi
659 2764 900 2842 Sacerdotibus,
918 2770 956 2828 ut
970 2761 1109 2828 missam
1125 2761 1175 2828 bis

118 2872 139 2900 “
152 2868 324 2944 eelebrent,
341 2873 374 2930 te
390 2866 508 2931 habere
525 2865 688 2932 Sanctitas
706 2865 772 2932 Sua
786 2866 923 2949 benigne
939 2863 1146 2930 declaravit.”

160 2973 213 3038 17.
238 2972 288 3034 La
303 2968 487 3034 medesima
501 2970 615 3053 regola
640 2968 675 3033 di
695 2970 909 3033 commettere
932 2965 1132 3051 all’arbitrio
1156 2987 1175 3033 o

116 3074 186 3140 alla
222 3071 325 3138 carita
355 3072 406 3137 de'
426 3071 597 3157 Superiori
627 3073 712 3137 delle
742 3070 897 3137 Missioni
920 3055 1176 3155 l’applicazione

115 3175 323 3262 de'prinoipii
341 3175 490 3260 generali
505 3175 538 3241 ai
554 3174 624 3242 oasi
646 3173 776 3260 pratici,
795 3173 824 3240 si
840 3176 857 3239 6
873 3176 1045 3240 osservata
1069 3174 1175 3238 anche

116 3280 249 3366 quando
275 3278 311 3344 in
338 3278 414 3358 essi,
440 3301 532 3344 oome
554 3277 666 3344 eransi
693 3276 830 3362 esposti,
854 3297 924 3342 non
949 3275 978 3343 si
1005 3296 1176 3359 scorgesse

116 3385 228 3468 quella
244 3404 343 3467 grave
358 3403 506 3466 urgenza
522 3381 556 3446 di
572 3403 670 3447 cause
686 3379 959 3447 considerandole
983 3379 1117 3445 almeno
1140 3377 1177 3443 in

117 3506 153 3552 66
166 3489 271 3552 stesse
284 3507 301 3551 e
313 3485 349 3551 in
361 3488 516 3564 astratto,
529 3486 627 3570 qualo
639 3483 796 3569 esiggono
807 3485 838 3549 le
849 3483 995 3548 clausole
1011 3480 1046 3546 di
1058 3484 1177 3568 questa

117 3588 258 3669 facolta3
281 3589 307 3655 il
323 3590 384 3655 che
400 3591 564 3705 appunto
566 3588 735 3654 conferma
752 3585 882 3654 doversi
895 3586 975 3652 dare
984 3604 1069 3669 gran
1079 3587 1177 3670 parte

117 3694 175 3758 nel
190 3694 313 3758 calcolo
329 3693 413 3758 delle
435 3690 576 3776 regioni,
594 3690 654 3757 che
680 3711 723 3756 ne
750 3688 962 3775 giustifioano
987 3689 1085 3767 Fuso,
1110 3688 1178 3754 6116

119 3795 385 3863 condizionitut
371 3801 420 3863 tte
447 3818 465 3862 e
489 3798 556 3863 allo
581 3800 612 3863 t
614 3800 670 3863 to
686 3796 736 3861 de'
753 3794 862 3861 fedeli.
886 3794 930 3860 Di
952 3795 1002 3860 oio
1025 3789 1177 3858 16166ιί-

119 3898 299 3967 monianza
321 3902 357 3969 la
382 3899 529 3987 risposta
549 3901 631 3969 data
645 3900 690 3968 da
713 3901 831 3986 questa
856 3898 891 3968 S.
908 3893 1179 3983 congregazione
