2572 4410
570 363 634 429 269

74 545 151 604 tum
177 538 307 623 quidem
336 555 412 600 cum
441 534 544 601 edicto
573 533 663 620 regio
692 538 807 620 conjux
836 536 953 603 absens
979 542 1131 605 evocatus

77 641 243 725 (idemque
257 660 353 726 porro
370 637 541 703 dicendum
556 640 617 715 est,
632 637 660 702 si
674 658 733 723 per
746 640 893 724 publicas
909 641 1131 725 ephemerides

75 743 112 809 id
135 746 258 809 iactum
286 744 341 821 sit)
367 743 497 806 nullum
528 744 648 807 suimet
677 741 832 807 indicium
863 742 992 808 dederit
1040 747 1132 825 Quod

74 849 163 912 caim
176 870 240 911 eoa
255 847 476 928 coraparacrc't,
494 843 580 909 idem
595 843 644 909 ait
659 844 818 922 Pontifex,
840 868 905 910 aon
925 849 1028 931 magia
1047 870 1131 912 mors

73 953 114 1014 c'a
129 972 227 1014 cauae
241 971 306 1014 csse
316 950 434 1030 potuit,
451 969 546 1030 qaam
561 948 628 1030 ejas
644 950 852 1012 coataraocio.

120 1055 154 1117 2.
178 1054 267 1115 Hinc
276 1051 319 1115 ad
328 1052 562 1136 praescriptum
574 1052 763 1114 eorumdem
775 1070 938 1116 sacrorum
948 1050 1131 1130 (lenonum,

74 1155 312 1221 documentum
335 1153 564 1218 authenticum
587 1155 696 1218 obitus
716 1151 863 1237 diligenti
884 1156 991 1219 studio
1009 1157 1133 1239 exquiri

75 1260 213 1324 omnino
228 1257 342 1334 debet3
366 1258 537 1321 exaratum
554 1257 674 1320 scilicet
689 1275 728 1320 cx
742 1258 880 1340 regestis
892 1256 1072 1334 Paroeciae,
1082 1259 1133 1322 vel

75 1358 291 1437 Xenodochii,
311 1360 361 1424 vel
381 1358 527 1436 militiae,
549 1361 599 1424 vel
622 1358 731 1435 etiam,
757 1361 785 1424 si
804 1359 918 1424 haberi
936 1368 1078 1444 nequeat
1093 1363 1132 1426 ab

75 1462 272 1531 auctoritate
293 1463 519 1538 ecclesiastica,
542 1484 560 1526 a
581 1460 744 1528 Gubernio
764 1461 850 1527 civili
866 1464 928 1528 loci
945 1465 980 1528 in
1000 1484 1075 1549 quo,
1097 1471 1134 1528 ut

76 1568 285 1652 supponitur,
301 1586 442 1650 persona
457 1563 582 1630 obierit.

121 1675 150 1736 3.
174 1672 273 1734 Porro
295 1669 489 1753 quandoque
518 1669 579 1733 hoc
608 1667 841 1733 documentum
862 1669 974 1734 haberi
996 1672 1131 1755 nequit;

75 1793 141 1859 quo
156 1793 237 1838 casu
252 1774 389 1837 testium
404 1772 659 1856 depositionibus
676 1773 893 1857 supplendum
909 1775 981 1837 erit.
1020 1773 1133 1838 Testes

75 1897 153 1943 vero
173 1875 239 1940 duo
261 1876 379 1940 saltem
399 1895 471 1938 esse
492 1875 620 1951 debent,
639 1877 751 1959 jurati,
772 1874 835 1938 fide
856 1874 958 1957 digni,
975 1881 1007 1939 et
1022 1874 1078 1959 qui
1093 1877 1133 1940 de

74 1979 164 2046 sacto
186 1980 313 2062 proprio
335 1977 512 2060 deponant,
543 1977 732 2041 defunctum
762 1979 980 2062 cognoverint,
1005 1997 1043 2042 ac
1066 1980 1133 2043 sint

74 2081 163 2147 inter
178 2101 213 2145 11
228 2079 401 2146 concordes
411 2079 518 2164 quoad
528 2080 646 2157 locum,
659 2087 691 2145 et
706 2101 839 2145 causam
855 2081 971 2156 obitus,
988 2078 1133 2163 aliasque

76 2182 315 2251 substantiales
344 2185 617 2247 circumstantias.
670 2185 733 2261 Qui
761 2185 903 2267 insuper,
931 2185 960 2248 11
989 2182 1134 2247 defuncti

74 2289 248 2372 propinqui
274 2289 353 2362 sint,
381 2293 439 2350 aut
465 2284 543 2351 socii
568 2288 706 2366 itineris,
734 2287 924 2363 industriae,
955 2288 1005 2352 vel
1035 2288 1133 2350 etiam

75 2389 223 2467 militiae,
249 2409 287 2453 eo
312 2392 417 2472 magis
442 2390 575 2474 plurimi
597 2389 780 2454 faciendum
806 2391 867 2454 erit
889 2390 1019 2454 illorum
1043 2391 1133 2454 testi-

75 2495 238 2558 monium.

121 2598 154 2659 4.
177 2594 350 2660 Interdum
362 2615 448 2659 unus
459 2597 593 2659 tantum
605 2597 699 2660 testis
711 2595 949 2660 examinandus
964 2597 1132 2678 reperitur,

76 2704 111 2763 et
133 2699 208 2763 licet
235 2699 277 2763 ab
301 2700 392 2762 omni
411 2700 486 2782 jure
510 2700 733 2763 testimonium
757 2696 857 2762 unius
881 2697 925 2762 ad
947 2697 1042 2782 plene
1061 2720 1134 2783 pro·

76 2800 222 2866 bandum
237 2821 302 2865 non
319 2801 520 2877 admittatur,
538 2803 687 2866 attamen
707 2824 748 2866 ne
768 2805 886 2886 conjux
904 2803 988 2866 alias
1003 2804 1134 2885 nuptias

76 2905 161 2968 inire
175 2910 360 2988 peroptans,
377 2903 476 2968 vitam
491 2905 644 2969 coelibem
659 2924 755 2989 agere
769 2906 912 2988 cogatur,
926 2904 1025 2968 1111111
1037 2905 1134 2968 unius

76 3008 303 3071 testimonium
318 3007 467 3071 absolute
481 3026 549 3070 non
563 3010 689 3092 respuit
706 3008 862 3090 Suprema
874 3005 1084 3088 Congregatio
1099 3008 1135 3070 in

75 3109 271 3173 dirimendis
286 3109 473 3194 hujusmodi
491 3110 631 3186 casibus,
654 3109 830 3173 dummodo
844 3111 899 3173 ille
914 3111 1009 3174 testis
1024 3129 1131 3172 recen·

79 3213 153 3276 sitis
169 3210 407 3277 conditionibus
423 3215 466 3277 sit
481 3211 660 3295 praeditus,
674 3214 756 3276 nulli
772 3213 950 3296 exceptioni
965 3212 1134 3287 obnoxius,

79 3336 116 3378 ac
133 3322 295 3398 praeterea
320 3318 390 3399 ejus
411 3316 566 3399 depositio
587 3317 671 3393 aliis,
693 3315 906 3398 gravibusque
930 3314 1135 3378 adminiculis

78 3415 253 3494 fulciatur3
279 3415 372 3500 sique
385 3416 452 3482 alia
466 3417 649 3484 extrinseca
662 3417 865 3483 adminicula
877 3414 987 3499 colligi
998 3415 1135 3482 omnino

78 3521 258 3603 nequeant,
275 3519 339 3583 hoc
354 3523 469 3585 tamen
485 3524 612 3586 certum
627 3521 683 3598 sit,
699 3520 786 3585 nihil
800 3519 837 3584 in
852 3518 924 3602 ejus
942 3517 1135 3584 testimonio

79 3620 228 3705 reperiri,
256 3622 345 3704 quod
370 3644 440 3689 non
467 3622 511 3689 sit
538 3644 733 3708 congruum,
759 3626 861 3706 'atque
888 3619 1024 3687 omnino
1050 3620 1134 3688 veri-

80 3723 198 3789 simile.

125 3831 157 3892 ὅ.
182 3825 353 3911 Contingit
384 3826 486 3893 etiam
516 3831 554 3895 ut
585 3826 700 3892 Testes
731 3824 922 3892 omnimoda
951 3825 1016 3891 fide
1043 3823 1135 3908 digni

77 3931 302 3996 testificentur
326 3952 362 3999 se
384 3931 533 4015 tempore
555 3952 623 3997 non
647 3932 799 4017 suspecto
822 3932 964 3997 mortem
986 3927 1135 4014 conjugis
