2572 4410
617 337 681 402 109

119 509 201 594 quin
230 508 352 574 indicet
374 510 506 575 ubinam
528 508 739 574 inveniendus
762 509 816 586 sit,
839 529 881 573 ne
903 509 932 574 si
952 509 1089 574 inveniri
1110 529 1176 573 non

119 615 251 698 poterit,
269 615 348 699 quid
369 615 556 680 nocumenti
571 614 681 678 fideles
703 615 874 697 patiantur.
918 613 1042 678 Diebus
1065 614 1176 678 Domi·

118 718 203 781 uicis
215 724 249 781 et
259 719 383 782 festivis
392 719 472 781 flant
483 717 604 782 Missae
614 716 759 801 publicae
771 716 849 781 hora
858 717 921 780 fixa
931 721 964 780 et
973 718 1175 801 praestituta,

118 841 218 904 quum
234 820 303 884 sine
314 821 475 885 Ordinarii
485 819 616 884 licentia
627 818 875 904 haudquaquam
884 826 1008 883 mutare
1018 818 1102 895 licet,
1112 818 1177 883 nisi

118 923 203 989 forte
228 945 294 987 una
319 928 376 988 aut
402 924 501 988 altera
526 922 593 986 vice
620 923 649 986 si
672 921 707 986 id
730 921 857 1007 publica
871 922 981 1007 populi
1002 922 1177 986 necessitas

117 1025 273 1108 postulet.

165 1129 243 1193 186.
266 1130 429 1193 Perochus
438 1128 575 1193 Missam
590 1129 625 1192 iu
640 1129 786 1193 Ecclesia
800 1126 982 1218 parochiali,
995 1126 1060 1190 nisi
1073 1126 1176 1209 legiti-

119 1251 174 1294 me
195 1231 372 1315 impeditus
389 1232 442 1308 sit,
461 1230 573 1295 diebus
589 1230 759 1294 dominicis
773 1235 806 1293 et
820 1231 944 1294 festivis
959 1229 998 1293 de
1012 1234 1177 1313 praecepto

119 1334 280 1399 ordinarie
293 1334 448 1399 celebrare
460 1340 589 1398 tenetur
603 1357 610 1398 :
629 1334 721 1397 aliter
729 1334 857 1397 muneri
867 1353 925 1397 suo
934 1355 1000 1397 non
1010 1333 1177 1397 satisfacit.

120 1439 172 1501 De
200 1457 334 1500 munere
360 1436 540 1501 celebrandi
565 1442 597 1500 et
623 1436 803 1520 applicandi
825 1437 962 1500 Missam
982 1457 1039 1520 pro
1061 1436 1180 1520 populo

122 1539 266 1606 videatur
277 1540 409 1623 insuper
420 1539 623 1623 Responsum
636 1540 669 1601 S.
679 1539 779 1621 (long.
788 1535 932 1615 Concilii,
942 1539 981 1600 14
992 1539 1066 1603 Dec.
1081 1539 1142 1606 187
1145 1539 1177 1614 2,

121 1641 157 1704 in
171 1639 380 1724 Appendice.1
412 1641 447 1704 Si
461 1662 534 1705 vero
550 1639 589 1705 ob
605 1661 828 1724 quamcunque
843 1661 972 1705 causam
987 1641 1084 1703 etiam
1100 1640 1178 1724 legi-

121 1747 247 1822 timam,
261 1746 295 1808 in
311 1745 417 1828 aliqua
430 1744 574 1829 paroecia
588 1745 689 1808 missa
704 1743 830 1828 publica
844 1745 879 1806 in
891 1744 1119 1808 dieDominica
1128 1744 1178 1808 vel

121 1847 202 1911 festo
215 1846 254 1909 de
264 1852 430 1929 praecepto
445 1845 564 1909 omissa
575 1847 682 1922 fuerit,
693 1847 873 1930 Episcopus
885 1847 995 1911 statim
1007 1867 1026 1908 a
1037 1845 1178 1910 Parocho

121 1954 155 2013 et
168 1949 321 2012 aVioario
337 1948 480 2012 Foraneo
492 1948 531 2011 de
542 1948 729 2031 hujusmodi
741 1949 913 2012 omissione
925 1947 1104 2011 monendus
1116 1953 1176 2011 est.

158 2049 239 2138 187.
265 2053 385 2114 Omnes
415 2053 594 2113 animarum
623 2071 733 2114 curam
771 2056 844 2114 actu
879 2056 1036 2134 gerentes,
1075 2071 1176 2114 sacro·

121 2162 270 2218 sanctum
300 2155 421 2218 Missae
451 2154 643 2217 sacrificium
680 2175 737 2237 pro
766 2154 884 2238 populo
915 2153 976 2217 sibi
1005 2154 1177 2218 commisso

119 2258 276 2322 celebrare
291 2264 324 2322 et
338 2259 494 2343 applicare
510 2257 636 2336 debent,
649 2258 715 2322 11111
727 2260 824 2322 etiam
836 2259 949 2323 diebus
961 2260 1016 2342 qui
1026 2280 1064 2321 ex
1075 2258 1176 2339 Apos-

117 2363 233 2427 tolicae
258 2364 349 2427 Sedis
365 2364 565 2449 indulgentia
581 2387 620 2428 ex
635 2366 758 2429 dierum
782 2367 820 2430 de
841 2356 1007 2451 praecepto
1022 2367 1176 2430 festorum

117 2487 254 2530 numero
271 2467 389 2532 sublati
404 2490 439 2532 ac
459 2469 609 2532 translati
633 2475 719 2546 sunt,
739 2470 832 2549 (Litt.
848 2470 995 2554 Apostol.
1010 2469 1176 2534 Amantis-

117 2569 205 2646 111111,
217 2572 237 2633 5
247 2571 338 2646 Maii,
350 2572 460 2648 1858),
472 2573 537 2635 nisi
549 2593 587 2635 ex
599 2572 743 2655 ejusdem
754 2573 954 2656 Apostolicae
966 2573 1057 2637 Sedis
1069 2572 1176 2637 indul-

117 2674 229 2756 gentia
243 2695 261 2737 a
276 2675 404 2758 proprio
419 2674 579 2758 Episcopo
594 2676 655 2738 hac
676 2697 771 2760 super
786 2699 819 2740 re
840 2678 1016 2760 dispensati
1030 2674 1176 2741 fuerinc.2

164 2776 238 2838 188.
263 2776 384 2839 Curent
399 2777 529 2860 parochi
541 2783 652 2840 utnon
662 2783 789 2840 tantum
804 2779 915 2843 diebus
925 2780 1103 2855 dominicis,
1119 2777 1175 2842 scd

113 2878 218 2942 etiam
233 2880 358 2944 festivis
373 2880 412 2943 de
427 2886 604 2964 praecept0,
621 2883 760 2965 populus
776 2884 816 2946 ad
836 2885 969 2948 missam
984 2883 1174 2948 audiendam

116 2982 270 3045 confluat.
297 2982 478 3047 Horteutur
488 2983 597 3048 fideles
606 2986 686 3048 utin
698 2985 809 3050 diebus
820 2988 943 3051 festivis
952 2987 1123 3071 praedictis
1135 2985 1173 3049 ab

115 3085 267 3168 operibus
284 3087 453 3152 servilibus
464 3089 655 3166 abstineant,
667 3095 700 3153 et
711 3090 830 3155 abusus
841 3090 900 3153 hac
910 3092 944 3154 in
959 3091 1171 3172 recorrigant.

164 3188 238 3251 189.
256 3188 414 3264 Quiavero
426 3189 589 3254 nundinae
595 3212 674 3274 quae
683 3191 836 3256 indiebus
847 3193 970 3257 festivis
982 3192 1171 3266 fierisolent,

114 3294 315 3382 eccasionem
327 3291 616 3377 dautpraecipuam
626 3295 770 3360 ebrietati
786 3302 817 3360 et
833 3319 925 3381 saepe
940 3296 1120 3379 impediunt
1130 3315 1171 3358 ne

114 3392 217 3456 missa
238 3394 397 3470 audiatur,
415 3400 597 3478 optaremus
621 3403 659 3460 ut
680 3398 760 3461 istae
780 3399 943 3462 nundinae
964 3398 1171 3460 transferren-

114 3503 172 3559 tur
192 3496 310 3581 ubique
333 3498 367 3560 in
391 3498 470 3562 alios
494 3499 573 3577 dies,
598 3502 694 3564 sicuti
715 3504 783 3584 jam
808 3504 926 3567 factum
953 3523 1023 3565 esse
1046 3507 1171 3566 constat

115 3599 278 3683 aliquibus
300 3602 335 3664 in
358 3601 436 3665 locis
466 3623 583 3686 magno
614 3625 688 3667 oum
718 3606 861 3670 fidelium
894 3605 987 3669 bono.
1042 3605 1170 3668 Interea

114 3708 205 3765 curet
218 3702 375 3785 parochus
390 3710 428 3766 ut
450 3706 589 3788 populus
604 3706 677 3770 aliis
693 3709 830 3790 negotiis
851 3712 1020 3790 occupatus
1036 3707 1169 3770 missam

114 3827 181 3870 non
194 3808 349 3891 negligat.

147 3919 230 3974 ¹Vide
240 3924 359 3988 Append,
371 3925 454 3974 XVII.
466 3941 523 3989 pag.
536 3927 592 3976 299.
690 3927 774 3978 ²Vido
785 3927 900 3990 Append.
909 3929 1010 3977 XVIII.
1021 3941 1079 3989 pag.
1092 3927 1148 3977 300.
