2572 4410
628 335 693 400 212

179 514 234 577 28.
258 509 395 575 Romani
415 509 586 572 Pontifices
602 515 635 571 et
650 505 792 573 Concilia
813 510 1016 573 oecumenica
1037 531 1056 573 a
1078 511 1194 575 limiti·

136 615 198 680 bus
222 635 298 679 suae
319 613 488 697 potestatis
511 617 720 685 recesserunt,
744 611 819 693 jura
844 610 1030 695 Principum
1056 634 1194 696 usurpa·

136 722 223 792 runt,
249 722 344 799 atque
373 715 470 777 etiam
493 713 528 775 in
551 711 647 776 rebus
677 711 752 776 fidei
781 717 815 776 et
843 733 970 777 morum
999 713 1194 780 definiendis

137 825 292 883 errarunt.

179 920 261 985 Litt.
278 919 391 1003 Apost.
407 917 603 998 Multiplices
618 916 713 992 inter,
731 918 774 980 10
789 915 880 980 Junii
896 919 993 982 1851.

179 1024 231 1086 24.
253 1022 400 1086 Ecclesia
413 1022 462 1083 vis
476 1018 659 1083 inferendae
673 1025 864 1103 potestatem
879 1041 945 1083 non
960 1018 1066 1096 habet,
1088 1041 1195 1107 neque

135 1131 326 1211 potestatam
341 1123 441 1188 ullam
456 1121 662 1206 temporalem
677 1122 829 1185 directam
843 1121 894 1186 vel
909 1123 1110 1189 indirectam.

179 1229 261 1291 Litt.
278 1227 391 1310 Apoat.
403 1224 456 1289 Aa
470 1225 684 1305 Apostolicae,
700 1225 743 1287 22
757 1225 899 1306 Augusti
915 1227 1011 1289 1851.

180 1331 234 1394 25.
258 1329 387 1393 Praeter
400 1333 591 1412 potcstatem
606 1328 801 1410 episcopatui
816 1325 1046 1404 inhaerentem,
1064 1328 1128 1392 alis
1143 1335 1195 1393 est

137 1432 291 1496 attributa
305 1431 490 1514 tompornlis
503 1435 646 1513 potestas
661 1451 680 1492 a
694 1429 780 1492 civili
801 1430 935 1513 imperio
957 1430 1007 1494 vel
1030 1451 1191 1513 expresse,

136 1535 187 1598 vel
206 1536 301 1597 tacite
323 1553 483 1609 concessa,
507 1531 681 1596 revocanda
705 1538 880 1614 propterea,
908 1553 981 1595 cum
1006 1532 1149 1610 libuerit,
1175 1555 1194 1597 a

137 1636 223 1701 civili
237 1637 382 1719 imperio.

179 1737 261 1802 Iritt.
276 1737 388 1821 Apost.
404 1735 685 1818 adapostolicam,
703 1734 745 1797 22
760 1733 901 1818 Augusti
922 1738 1015 1801 1851.

180 1841 234 1904 26.
255 1840 401 1903 Ecclesia
415 1860 479 1902 non
493 1836 590 1902 habet
604 1839 752 1932 nativum·
763 1858 799 1901 ac
821 1838 1002 1922 legitimum
1013 1841 1070 1923 jus
1084 1841 1192 1924 acqui·

135 1942 227 2007 rendi
242 1965 278 2006 ac
292 1940 484 2027 possidendi

179 2043 281 2110 Alloc.
297 2043 561 2126 Ncoqaernscre,
579 2045 620 2107 15
635 2040 821 2106 Decembris
835 2042 930 2107 1856.

179 2148 286 2231 Epist.
303 2148 437 2229 Encycl.
454 2145 650 2222 Incredibili,
669 2147 709 2213 17
727 2144 923 2228 Septembris
940 2145 1036 2210 1868.

179 2249 233 2317 27.
260 2247 347 2315 Sacri
375 2249 538 2312 Ecclesiae
561 2249 701 2311 ministri
727 2248 953 2331 Romanusque
979 2247 1128 2312 Pontifex
1153 2248 1193 2312 ab

136 2353 225 2415 omni
248 2373 354 2415 rerum
384 2351 607 2435 temporalium
633 2372 709 2415 cura
733 2372 770 2414 ac
794 2351 935 2414 dominio
959 2357 1037 2414 sunt
1061 2352 1194 2416 omnino

137 2454 334 2518 excludendi.

180 2554 283 2620 Alloc.
299 2554 449 2618 Maxime
462 2554 598 2636 quidem,
616 2557 636 2620 9
652 2553 743 2619 lunii
759 2555 855 2618 1862.

180 2657 234 2720 28.
258 2658 439 2740 Episcopis,
458 2659 526 2720 sine
543 2654 699 2722 Gubernii
713 2658 815 2733 venia,
831 2655 880 2720 fas
895 2675 960 2720 non
975 2663 1025 2720 est
1039 2657 1089 2721 vel
1103 2657 1195 2742 ipsas

137 2757 336 2844 Apostolicas
350 2759 491 2821 Littems
506 2760 719 2841 promulgare.

179 2861 280 2925 Alloc.
295 2861 468 2942 Nunquam
473 2860 558 2943 fore,
574 2863 614 2924 15
629 2860 824 2937 Decembris,
845 2861 938 2925 1856.

180 2965 234 3029 29.
266 2960 395 3029 Gratiae
425 2985 443 3026 a
466 2962 610 3028 Romano
636 2963 792 3028 Pontifice
818 2983 985 3028 concessae
1015 2965 1195 3029 existimari

136 3065 254 3131 (lebant
275 3071 440 3150 tamquam
462 3067 580 3142 irritae,
604 3067 668 3130 nisi
687 3087 743 3149 per
766 3064 966 3131 Gubernium
989 3066 1110 3131 fuerint
1131 3066 1193 3131 im·

138 3170 290 3255 ploratae.

179 3271 281 3335 Alloc.
297 3270 562 3352 Nuaqccmfore,
580 3272 621 3335 15
637 3269 822 3334 Decembris
839 3272 935 3335 1856.

181 3375 235 3438 80.
256 3373 420 3438 Ecclesiae
436 3380 468 3438 et
482 3392 689 3457 personarum
704 3374 991 3438 ecclesiasticarum
1001 3366 1194 3448 immunitas

138 3467 241 3560 ajuro
256 3477 342 3541 civili
357 3481 464 3540 ortum
479 3473 601 3538 habuit

179 3574 261 3643 Lite.
278 3578 390 3662 Apoat.
406 3576 604 3658 Multiplices
618 3578 713 3654 inter,
732 3578 774 3642 10
790 3577 881 3643 lunii
897 3578 991 3642 1851.

180 3681 234 3744 31.
256 3681 520 3744 Ecclesiasticum
542 3679 648 3744 lorum
670 3703 726 3765 pro
750 3680 980 3765 temporalibus
1004 3679 1195 3746 clericorum

139 3784 244 3847 causis
271 3784 338 3848 sive
361 3781 508 3847 civilibus
532 3783 599 3848 sive
622 3782 842 3848 criminalibus
867 3783 1062 3848 omninode
1087 3784 1194 3848 medio
