2572 4410
626 258 669 322 43

159 430 325 515 Exposuit
335 429 517 514 Episcopus
528 427 691 494 Dunensis
706 429 840 511 sejaatc
849 431 974 495 modian
985 432 1170 519 suffragium

118 534 225 618 pridie
238 533 353 597 tulisse
366 533 531 616 propterea
545 532 631 617 quod
645 533 806 597 decretum
823 535 941 617 Synodi
956 534 993 599 dc
1008 537 1170 601 Socictcti·

116 638 173 700 bras
184 635 375 718 woremptia
390 635 454 718 ipsi
468 652 534 699 non
545 635 709 700 videbatur
723 656 833 700 omnes
848 637 1014 702 societates
1022 638 1171 704 distincte

115 739 297 822 complecti,
315 758 405 822 quae,
422 739 493 821 ipso
504 737 623 820 judice,
640 759 659 800 a
675 738 807 802 Summo
827 739 981 803 Pontifice
1003 741 1170 807 damnatae

115 846 220 904 erant.

158 942 289 1008 Deinde
313 949 408 1026 caput
427 942 479 1006 Dc
508 942 597 1005 libris
618 943 729 1023 procis
752 943 891 1007 vitandis
913 944 1047 1028 perlegit
1063 946 1169 1010 Secre-

114 1047 230 1110 tarius.
277 1046 347 1122 Quo
362 1065 494 1109 excusso
509 1051 551 1120 et,
567 1051 640 1127 post
656 1045 810 1128 quasdam
832 1047 1082 1124 emendationes,
1098 1070 1168 1131 pro·

113 1149 202 1225 bato,
226 1148 262 1211 in
284 1148 427 1211 medium
454 1146 613 1231 prolatum
643 1153 693 1211 est
723 1146 852 1211 schema
880 1148 918 1213 dc
947 1150 1168 1215 sarracenas.

114 1253 232 1315 Plures
261 1251 389 1315 articuli
417 1249 578 1313 emendati
608 1255 686 1313 sunt
711 1255 742 1312 et
768 1249 900 1332 probati.
944 1248 1026 1316 (lum
1041 1274 1114 1316 vero
1129 1253 1169 1317 ad

114 1353 290 1418 articulum
300 1353 338 1416 dc
352 1352 556 1416 oblationibus
565 1352 728 1415 occasione
739 1359 1006 1417 sacramentorum
1017 1355 1169 1419 adminis-

113 1456 268 1520 trationis
294 1457 362 1520 fieri
386 1454 489 1519 solitis
513 1461 701 1537 perventum
727 1461 786 1530 est,
812 1455 936 1538 longior
951 1463 983 1519 et
998 1457 1169 1521 animosior

113 1560 201 1622 lacta
216 1565 266 1623 est
281 1558 465 1642 disputatio.
509 1557 681 1639 Praecipue
710 1556 891 1640 agitabatur
912 1559 1065 1642 quaestio,
1089 1581 1168 1623 num

114 1661 289 1744 expediret,
306 1661 339 1723 id
354 1661 438 1744 quod
459 1660 493 1722 in
516 1659 675 1723 schemate
703 1660 902 1742 propositum
931 1667 1005 1736 erat,
1036 1682 1168 1745 suspen-

114 1765 241 1828 sionem
255 1765 326 1846 ipso
340 1764 423 1827 faeto
436 1762 658 1825 incurrendam
669 1763 703 1824 in
714 1783 787 1826 eum
798 1763 878 1825 ferre
888 1763 943 1846 qui
954 1763 1169 1834 ministerium

116 1887 216 1931 suum
230 1870 388 1929 recusaret
402 1865 466 1928 nisi
480 1865 569 1947 prius
585 1863 755 1929 solveretur
771 1869 855 1927 certa
870 1885 995 1928 summa
1008 1865 1168 1948 pecuniae.

116 1970 197 2032 Post
212 1968 316 2031 multa
330 1967 406 2030 hinc
420 1968 494 2030 inde
506 1967 689 2049 disceptata,
704 1967 863 2048 suffragiis
885 1967 1013 2030 demum
1028 1988 1047 2029 a
1063 1967 1168 2030 Secre-

116 2071 200 2134 tario
226 2071 404 2155 exquisitis,
435 2069 651 2133 novemdecim
685 2069 834 2132 Patribus
862 2068 982 2151 placuit
1011 2069 1168 2132 sententia

116 2173 289 2249 affirmans,
310 2179 433 2268 septem
458 2192 529 2235 vero
555 2172 713 2235 sententia
735 2193 865 2254 negans.
911 2170 1041 2233 Praeses
1063 2170 1168 2233 Eabus

116 2277 246 2339 nullum
261 2277 338 2339 tulit
354 2275 561 2357 suffragium:
586 2273 688 2337 abfuit
711 2281 828 2349 autem,
845 2280 992 2355 utsupra
1013 2293 1167 2336 memora-

117 2385 264 2455 tumeat,
281 2379 460 2461 Episcopus
483 2375 650 2440 Midensis.

461 2610 825 2618 -ψ

284 2807 600 2874 OONGREGATIO
623 2809 815 2875 PRIVATA
838 2807 993 2873 SEXTA.

385 2961 449 3023 Dic
465 2962 507 3023 10
522 2960 719 3041 Septembris,
735 2960 834 3023 Faria
851 2961 907 3024 VI.

165 3110 254 3175 Hora
268 3111 392 3174 decima
413 3132 487 3174 cum
513 3111 645 3175 dimidio
661 3116 871 3174 convenerunt
886 3115 998 3175 Patres
1014 3132 1086 3175 cum
1102 3111 1167 3174 offi-

119 3214 255 3278 cialibus
271 3213 417 3278 Concilii.

164 3317 332 3380 Nuntiavit
363 3316 557 3379 secretarius
581 3314 711 3380 ludices
727 3315 903 3378 Causarum
924 3315 1018 3379 Adm.
1034 3315 1111 3378 Rev.
1130 3314 1165 3378 P.

120 3418 226 3483 Cooke
241 3419 404 3481 licentiam
419 3441 437 3481 a
454 3419 580 3501 Synodo
595 3417 786 3493 discedendi,
803 3417 842 3481 ob
858 3419 999 3500 graviora
1014 3418 1167 3502 quaedam

120 3522 173 3585 sui
187 3521 308 3585 ordinis
331 3522 468 3605 negotia,
486 3522 681 3585 concessisse
693 3543 702 3597 ;
728 3541 822 3604 quam
844 3519 979 3602 benigne
1001 3521 1165 3584 confirma-

119 3631 196 3687 runt
213 3623 333 3688 Patres.

167 3725 263 3789 Brevi
277 3727 387 3792 habita
413 3729 627 3812 disputatione
654 3749 748 3812 super
764 3728 895 3792 articulo
910 3727 947 3791 dc
962 3727 1166 3791 oblationibus

119 3829 222 3911 pridie
247 3851 380 3895 excusso
410 3832 587 3896 consultius
610 3832 769 3895 duxerunt
798 3830 917 3908 Patres,
942 3838 1067 3895 auctore
1081 3833 1165 3895 Erite
