2572 4410
636 338 678 402 68

133 523 378 598 Poenitentiam,
401 523 589 586 Extremam
612 520 817 598 Unctionem,
835 520 998 598 Ordinem,
1016 526 1049 584 et
1070 520 1185 584 Matri·
1220 583 1222 586 Α

132 628 287 703 monium,
314 627 431 711 illaque
456 628 591 711 gratiam
615 628 776 703 conferre;
800 632 832 690 et
847 648 886 690 ex
900 625 952 689 his
968 626 1184 709 Baptismum,

132 726 990 811 Confirmationem,et0rdinem,sinesacrilegioitemri
1001 748 1066 791 non
1075 748 1186 811 posse.

175 831 332 914 Receptos
343 851 468 914 quoque
481 836 513 893 et
524 830 712 913 approbatos
720 829 881 893 Ecclesiae
892 829 1075 893 Catholicae
1086 831 1183 908 ritus,

130 934 166 997 in
181 934 434 1018 supradictorum
454 934 598 997 omnium
622 933 898 996 Sacramentorum
921 932 1056 995 solemni
1081 932 1185 995 admi-

129 1037 329 1112 nistratione,
345 1035 462 1117 recipio
477 1041 509 1098 ot
525 1035 669 1098 admitto.

174 1139 289 1202 Omnia
304 1144 336 1202 et
352 1137 488 1220 singula,
505 1160 585 1221 quae
601 1139 639 1201 de
660 1142 788 1221 peccato
810 1137 957 1220 originali
971 1143 1003 1200 et
1026 1138 1064 1200 de
1082 1139 1185 1221 justi·

128 1241 274 1304 ficatione
289 1241 324 1303 in
340 1246 538 1303 sacrosancta
554 1239 741 1302 Tridentina
757 1239 883 1320 Synodo
895 1239 1027 1303 definita
1038 1247 1069 1303 et
1079 1238 1182 1303 decla-

128 1349 198 1407 rata
211 1344 350 1423 fuerunt,
367 1343 539 1426 amplector
553 1349 585 1407 et
599 1343 725 1425 recipio.

171 1449 325 1512 Profiteor
346 1449 464 1531 pariter
478 1449 513 1511 in
536 1448 639 1511 Missa
660 1447 764 1510 offerri
786 1447 855 1510 Deo
869 1467 992 1523 verum,
1015 1447 1181 1529 proprium

126 1555 159 1615 et
173 1552 429 1633 propitiatorium
453 1550 648 1613 Sacrificium
663 1569 720 1631 pro
734 1549 814 1612 vivis
830 1554 862 1612 et
884 1548 1060 1612 defunctis:
1085 1555 1182 1632 atque

125 1655 160 1718 in
177 1656 379 1719 sanctissimo
394 1655 615 1719 Eucharistiae
632 1654 834 1718 Sacramento
857 1675 927 1717 esse
941 1674 1023 1731 vere,
1039 1654 1179 1732 realiter,

125 1763 159 1821 et
174 1756 427 1820 substantialiter
449 1777 562 1839 corpus
578 1762 610 1820 et
625 1756 825 1838 sanguinem,
842 1775 995 1818 unacum
1017 1760 1125 1818 anima
1148 1767 1181 1820 et

123 1857 290 1922 divinitate
312 1859 445 1921 Domini
459 1859 562 1922 nostri
587 1857 666 1920 Jesu
690 1857 830 1920 Christi:
855 1857 985 1939 fierique
1000 1859 1178 1921 conversio·

123 1982 198 2025 nem
213 1963 313 2025 totius
329 1961 525 2025 substantiae
547 1961 640 2044 panis
655 1961 689 2023 in
712 1980 837 2042 corpus,
855 1966 889 2023 et
910 1960 1011 2023 totius
1027 1958 1179 2024 substan·

121 2066 186 2129 tiae
221 2066 290 2129 vini
317 2066 352 2128 in
383 2067 572 2149 sanguinem
584 2088 593 2142 3
618 2085 713 2148 quam
743 2065 981 2128 conversionem
1013 2061 1179 2129 Catholioa

120 2168 266 2234 Ecclesia
282 2170 670 2234 Transubstantiationem
689 2168 838 2251 appellat.

163 2271 279 2336 Fateor
294 2274 391 2335 etiam
408 2273 468 2336 sub
491 2274 589 2336 altera
603 2277 730 2334 tantum
754 2271 867 2353 specie,
884 2276 990 2334 totum
1007 2276 1102 2354 atque
1125 2272 1177 2336 in-

119 2380 247 2457 tegrum
263 2376 437 2452 Christum,
453 2398 626 2460 verumque
644 2377 884 2439 Sacramentum
901 2375 997 2438 sumi.

164 2479 355 2542 Constanter
384 2486 475 2543 teneo
498 2482 722 2564 Purgatorium
745 2501 825 2558 esse,
843 2481 1029 2564 animasque
1051 2481 1096 2543 ibi
1119 2481 1174 2545 de-

119 2588 225 2646 tentas
240 2583 383 2646 fidelium
400 2583 560 2666 suffragiis
575 2585 691 2667 juvari.
780 2616 783 2621 ·

164 2686 319 2750 Similiter
335 2694 367 2752 et
391 2688 524 2752 Sanctos
539 2711 604 2753 una
619 2710 692 2752 cum
716 2690 844 2754 Christo
870 2698 1053 2775 regnantes,
1077 2714 1173 2757 vene·

51 2810 63 2836 0
119 2789 246 2865 randos,
265 2797 359 2873 atque
374 2791 566 2856 invocandos
589 2813 677 2869 esse;
704 2813 819 2876 eosque
842 2794 999 2857 orationes
1022 2793 1090 2858 Deo
1113 2817 1172 2878 pro

118 2891 210 2954 nobis
225 2892 356 2969 offerre;
382 2899 477 2977 atque
488 2915 598 2957 eorum
613 2894 763 2978 reliquias
778 2916 848 2958 esse
862 2897 1067 2960 venerandas.

160 2993 361 3058 Firmissime
376 3016 492 3074 assero,
509 2997 666 3080 imagines
678 2997 810 3074 Christi,
827 3018 862 3060 ac
878 2998 1031 3079 Deiparae
1046 3019 1172 3082 semper

115 3095 260 3178 virginis,
278 3117 400 3160 necnon
416 3099 551 3162 aliorum
562 3098 761 3175 Sanctorum,
771 3098 932 3162 habendas
944 3105 977 3163 et
987 3099 1171 3164 retinendas

116 3218 185 3260 esse
198 3222 207 3276 ;
232 3203 327 3282 atque
342 3199 388 3263 eis
404 3199 547 3264 debitum
562 3200 714 3265 honorem
730 3221 766 3264 ac
780 3201 1015 3265 uenerationem
1026 3201 1169 3284 imperti·

115 3302 243 3366 endam.

157 3407 436 3490 Indulgentiarum
452 3410 548 3474 etiam
570 3416 763 3493 potestatem
777 3433 796 3474 a
816 3411 948 3476 Christo
962 3413 997 3475 in
1021 3412 1169 3478 Ecclesia

113 3510 257 3575 relictam
272 3515 382 3592 fuisse,
399 3515 589 3600 illarumque
598 3538 695 3581 usum
706 3517 889 3583 Christiano
900 3519 1017 3602 populo
1027 3522 1167 3586 maxime

113 3611 284 3678 salutarem
299 3637 368 3680 esse
383 3618 514 3683 affirmo.
1008 3613 1012 3620 ’

158 3719 305 3781 Sanctam
331 3719 526 3784 Catholicam
550 3726 582 3783 et
604 3720 820 3804 Apostolieam
852 3723 1029 3789 Romanam
1053 3727 1164 3791 Eccle-

113 3817 204 3896 siam,
218 3824 360 3886 omnium
376 3825 591 3888 Ecclesiarum
607 3831 741 3889 matrem
757 3834 789 3890 et
803 3830 989 3910 magistram
1005 3852 1162 3914 agnosco:

111 3920 316 4007 Romanoque
342 3925 501 4006 Pontifici,
522 3927 608 3992 beati
633 3928 721 3991 Petri
750 3928 979 4012 Apostolorum
1003 3933 1163 4018 Principis
