2572 4410
624 345 666 410 53

114 539 246 583 necnon
269 517 393 601 asylum
421 538 477 602 pro
506 517 547 581 iis
571 514 792 581 Sacerdotibus
822 517 877 600 qui
898 516 976 581 vitio
1005 515 1167 583 ebrietatis

112 622 291 686 infeliciter
305 621 422 685 addicti
437 620 500 684 sibi
513 620 692 704 prospicere
711 639 776 682 non
790 626 930 703 possent.
976 619 1058 683 Cum
1073 641 1168 705 super

111 723 179 788 hac
193 745 230 787 re
246 723 356 787 Patres
380 724 464 786 inter
479 743 514 785 se
528 716 790 805 colloquerentur,
805 722 965 786 nuntiavit
986 722 1167 806 Episcopus

113 827 295 910 Coadjutor
317 825 539 901 Kildariensis,
564 824 722 887 Rcvffrum
745 823 903 887 Abbatem
924 824 1166 887 Cisterciensem

112 929 157 994 de
172 929 288 994 Monte
301 927 465 992 Melleario
479 933 625 1010 peretum
640 947 710 989 esse
724 947 832 989 curam
851 926 1009 1011 ejusmodi
1023 927 1166 989 instituti

113 1033 181 1096 sibi
205 1051 377 1107 assumere,
401 1035 433 1093 et
460 1028 589 1112 quidem
612 1029 675 1092 500
695 1049 805 1092 aureos
820 1029 855 1092 in
877 1029 1037 1112 impensas
1059 1049 1165 1091 neces·

114 1135 221 1198 sarias
236 1134 382 1196 conferre
405 1129 489 1214 quod
512 1130 655 1194 omnium
677 1131 791 1214 plausu
806 1137 966 1214 receptum
981 1137 1040 1194 est.
1085 1130 1167 1194 Inde

114 1235 281 1300 recensuit
306 1235 445 1298 Rerr'irus
460 1231 568 1295 Abbas
582 1233 782 1297 conditiones
806 1233 922 1317 quibus
937 1233 1166 1297 monesterium

115 1339 151 1401 in
183 1339 272 1401 hunc
301 1338 398 1400 finem
434 1335 632 1399 destinatum
662 1357 761 1400 asuo
799 1336 917 1399 Ordine
953 1334 1105 1399 constitui
1134 1340 1167 1398 et

117 1440 277 1504 moderari
287 1445 413 1522 posset;
430 1438 583 1521 adjiciens
597 1443 704 1500 tamen
719 1438 805 1501 idem
815 1439 974 1520 refugium
987 1458 1051 1501 non
1062 1457 1167 1521 posse,

117 1544 192 1626 ipso
209 1542 329 1626 judice,
346 1540 443 1604 simul
466 1541 617 1603 inservire
644 1540 865 1604 Sacerdotibus
885 1538 1120 1623 aegrotantibus
1135 1544 1168 1602 et

118 1645 230 1728 lapsis.
286 1643 375 1706 Haec
404 1663 423 1706 a
452 1641 571 1705 Revffio
593 1641 717 1705 Abbate
754 1642 908 1725 singulari
943 1641 1099 1705 modestia
1135 1646 1168 1704 et

119 1747 275 1811 charitate
296 1767 355 1809 nee
382 1765 448 1809 non
485 1766 628 1809 sermone
657 1745 760 1810 nitido
782 1752 815 1810 et
843 1746 1004 1829 eloquenti
1025 1744 1168 1828 exposita

120 1849 271 1913 omnibus
287 1847 436 1912 Patribus
450 1846 649 1931 placuerunt.

162 1952 243 2015 Post
257 1950 337 2014 haec
353 1950 393 2013 ad
417 1949 509 2014 breve
523 1950 676 2033 temporis
704 1950 908 2014 intervallum
927 1954 1093 2034 prorogata
1118 1955 1167 2012 est

121 2053 345 2138 Congregetio.

162 2155 314 2220 Patribus
350 2156 468 2218 iterum
504 2155 702 2239 congregatis
739 2151 914 2238 perlectum
961 2158 1010 2216 est
1039 2151 1167 2216 schema

121 2259 239 2323 decreti
271 2257 310 2320 ab
340 2257 509 2341 Episcopis
533 2257 716 2321 Provinciae
741 2255 950 2319 Oasseiiensis
978 2255 1165 2330 confectum,

121 2361 261 2425 examini
278 2361 409 2423 Patrnm
425 2360 668 2443 subjiciendum.
727 2359 817 2421 Inter
832 2359 1069 2442 disputandum,
1086 2357 1166 2419 diffi-

121 2465 240 2528 cultate
268 2463 355 2546 gravi
384 2469 492 2526 1111111
514 2462 553 2526 ob
577 2462 655 2525 alias
682 2461 815 2524 alierum
845 2463 1009 2544 regionum
1036 2480 1166 2524 consue·

120 2568 260 2642 tudines,
277 2566 441 2649 proposuit
466 2565 571 2628 Effius
592 2563 733 2640 Praeses,
758 2569 805 2640 ut,
821 2565 1043 2647 praetermissa
1065 2563 1168 2646 priore

121 2668 294 2732 schematis
330 2673 429 2750 parte,
482 2667 625 2748 ejusdem
669 2666 794 2729 articuli
815 2667 930 2730 tertius
966 2673 998 2729 et
1034 2672 1167 2748 quartus

120 2771 347 2854 acciperentur,
363 2790 397 2831 n.
416 2769 489 2843 111,
508 2769 582 2830 112.
627 2769 718 2845 Quod
733 2790 806 2832 oum
823 2768 971 2832 omnibus
985 2768 1090 2830 visum
1105 2774 1165 2843 est,

120 2894 172 2937 eos
198 2874 284 2935 inter
298 2872 422 2935 decreta
445 2870 542 2954 hujus
568 2869 686 2952 Synodi
701 2871 740 2934 de
754 2871 960 2935 Matrimonia
985 2870 1167 2933 inserendos

120 2980 303 3040 statuerunt
319 2974 438 3037 Patres.

162 3077 326 3140 Perleotae
351 3076 425 3138 inde
440 3082 474 3139 et
487 3074 637 3158 probatae
664 3082 740 3139 suut
755 3077 879 3139 litterae
905 3075 944 3138 ad
961 3075 1018 3138 SS.
1034 3072 1107 3138 DD.
1124 3071 1165 3137 N.

120 3179 210 3242 Pmu
230 3178 349 3261 Papam
367 3177 426 3253 IX,
443 3178 483 3241 ad
502 3178 604 3240 Effros
633 3184 666 3240 et
685 3178 784 3241 Rriros
803 3177 1065 3261 Archiepisecpos
1081 3177 1165 3241 Neo·

118 3282 366 3356 Eboraoensem,
414 3281 799 3356 westmonasteriensem,
846 3281 1095 3345 Posnaniensem
1133 3285 1166 3342 et

119 3384 343 3447 Gnesnensem
358 3388 390 3446 et
405 3383 445 3445 ad
459 3383 656 3466 Episcopum
670 3383 896 3446 Basileensem.

162 3485 228 3548 His
253 3482 399 3568 peractis,
417 3485 570 3548 articulus
589 3484 628 3546 de
642 3484 813 3548 residentia
828 3485 1056 3569 Coedjutorum
1072 3483 1165 3548 Pero·

118 3589 264 3663 chorum,
281 3587 321 3650 ed
335 3587 490 3650 trutinam
508 3588 604 3651 tertio
627 3593 799 3661 revocatus,
815 3608 914 3651 novae
939 3588 1166 3651 controversiae

118 3691 317 3755 occasionem
340 3689 437 3752 dedit.
480 3690 528 3753 Re
543 3695 667 3752 mature
691 3710 854 3772 perpense,
878 3691 986 3754 Patres
1013 3710 1164 3753 convene·

118 3799 195 3857 runt
218 3792 342 3875 exigere
371 3812 436 3855 non
465 3798 606 3874 oportere
629 3798 666 3854 ut
688 3793 843 3869 Vicarius,
868 3793 896 3856 si
925 3799 1013 3855 extra
1034 3793 1165 3856 domum

118 3900 302 3980 pernoctare
330 3893 436 3969 vellet,
462 3892 594 3957 Parochi
620 3893 776 3958 obtineret
819 3895 989 3973 licentiam,
1025 3894 1165 3959 sufficere

119 4004 229 4062 autem
245 3997 273 4061 si
289 3995 468 4061 Parochum
483 4018 519 4061 ea
535 3996 573 4060 de
587 4016 621 4059 re
629 3998 793 4061 certiorem
808 3997 933 4062 faceret.
