2572 4410
575 309 614 374 17

70 486 236 550 eratenim
251 484 430 548 contrarius
459 488 592 547 vontus:
615 482 730 546 Petrus
744 502 817 546 voro
833 501 955 565 sempor
970 503 1042 545 cum
1068 483 1115 546 ois

71 595 157 654 erat:
188 590 259 672 ipso
283 606 407 668 semper
436 586 543 649 aderat
565 585 604 648 ad
627 584 859 649 confirmandos
882 586 994 649 fratres
1017 604 1113 660 suos;

70 692 157 754 navis
171 688 423 774 gubernaculum
439 689 508 771 ipso
523 687 650 752 tenebat
666 695 698 751 et
711 693 820 771 portae
835 687 930 749 inseri
947 708 1011 750 non
1027 709 1114 771 prae·

70 794 241 857 valuerunt
257 791 412 854 advorsus
427 809 511 853 eum.

108 896 206 959 Nunc
221 915 293 958 roro
309 914 403 976 super
419 893 474 966 To,
493 891 687 956 Beatissimo
702 894 807 966 Pater,
833 896 865 955 ot
882 912 978 974 super
994 891 1114 955 Urbem

69 999 226 1061 Sanctam
256 995 369 1070 Tuam,
400 995 545 1070 Romam,
583 997 671 1059 vonit
709 995 855 1079 procella.
901 994 1115 1075 Maximopero

66 1101 168 1184 igitur
183 1099 274 1162 docet
288 1119 348 1162 nos
363 1097 418 1180 qui
432 1117 539 1160 vocem
555 1098 835 1161 Praodecossorum
849 1097 990 1160 Tuorum
1005 1116 1114 1159 censc-

64 1201 214 1268 lantium
229 1220 290 1264 nos
313 1206 380 1263 tam
405 1200 587 1282 frequenter
612 1207 758 1282 temporo
788 1196 957 1281 angustiae
985 1200 1114 1261 nostrae

63 1302 265 1378 audivimus,
282 1322 370 1365 nunc
388 1299 423 1364 in
438 1299 552 1365 diebus
576 1300 758 1367 afflictionis
775 1301 862 1365 Tuae
878 1299 918 1363 ad
938 1301 982 1363 Te
996 1302 1114 1375 uenire,

61 1409 102 1472 u't
118 1405 181 1470 filii
196 1413 273 1468 anto
287 1412 414 1488 patrem
424 1405 588 1488 optimum
599 1401 694 1469 verba
710 1404 828 1469 doloris
845 1401 990 1467 simulet
1006 1400 1115 1468 solatii

60 1506 315 1594 profundamus.

108 1613 184 1675 Imo
197 1610 320 1674 caelum
335 1610 368 1673 et
383 1615 502 1673 terram
517 1611 616 1674 tostos
627 1607 814 1674 invocamus
830 1606 981 1694 perfidiae
1004 1607 1113 1674 inimi-

63 1735 180 1779 corum
203 1712 344 1776 Taurum
367 1712 605 1789 simulantem,
629 1711 820 1777 Beatissimo
846 1714 953 1789 Pater,
977 1713 1114 1776 invictae

63 1813 272 1882 fortitudinis
288 1812 385 1878 Tuae.
422 1813 549 1879 Scilicet
563 1817 765 1879 fremuerunt
780 1820 891 1897 gentos
906 1818 938 1878 ot
954 1817 1114 1899 principes

62 1921 172 1985 terrae
187 1925 403 1982 convenerunt
418 1919 452 1981 in
469 1939 572 1981 unum
588 1916 742 1982 advorsus
760 1920 824 1994 To;
850 1916 905 1981 sed
922 1916 977 2002 qui
989 1919 1115 1983 habitat

64 2024 101 2086 in
118 2021 216 2085 caelis
230 2017 377 2084 irridebit
391 2040 445 2084 oos
461 2028 493 2084 ot
508 2020 669 2084 Dominus
690 2022 744 2104 qui
764 2021 879 2085 tribuit
899 2020 972 2083 Tibi
987 2022 1113 2084 sortitu·

65 2125 180 2188 dinem
209 2123 423 2187 subsannabit
446 2143 512 2187 oos.
559 2123 633 2185 Jam
649 2123 733 2186 ultra
748 2123 817 2186 dios
841 2124 928 2187 Petri
943 2121 984 2185 ad
1003 2143 1113 2205 regon-

64 2227 143 2290 dam
172 2226 354 2289 Ecclesiam
384 2247 476 2288 suam
505 2222 662 2290 mirabilis
686 2226 889 2289 Providentia
905 2224 949 2287 'Po
965 2226 1110 2288 servavit.

65 2329 165 2392 Faxit
180 2335 218 2391 ut
232 2328 319 2391 brevi
334 2334 475 2410 tompore
492 2329 641 2391 inimicos
658 2327 745 2390 Tuos
761 2328 801 2391 ad
812 2330 936 2410 frugem
952 2328 1114 2391 meliorem

65 2437 204 2504 revocet,
223 2436 280 2493 aut
294 2437 378 2493 corto
402 2427 573 2493 humiliare
589 2436 622 2492 ot
636 2430 677 2492 ad
691 2430 830 2493 nihilum
845 2431 986 2513 redigere
1002 2429 1112 2513 digno-

66 2541 130 2597 tur.
176 2531 321 2615 Namque
332 2534 406 2614 jure
420 2534 598 2615 meritoque
613 2533 699 2595 inter
713 2534 872 2614 pessimos
887 2531 948 2596 Dei
964 2540 997 2596 ot
1011 2532 1112 2596 homi·

66 2655 152 2700 num
166 2635 277 2699 hostes
292 2635 476 2698 recensendi
492 2640 569 2698 sunt
584 2635 707 2698 inimici
723 2637 796 2712 Tui,
809 2637 864 2719 qui
878 2633 991 2719 optimi
1008 2635 1113 2702 Patris

67 2739 194 2801 monita
225 2743 415 2819 spernentes
445 2740 552 2819 gravia
594 2758 720 2801 morum
749 2739 908 2820 principia
937 2739 1113 2833 convollere

67 2840 217 2922 cupiunt,
234 2841 267 2903 ot
282 2840 384 2922 ipsius
400 2839 624 2921 benignissimi
651 2838 810 2904 creatoris
825 2860 942 2904 nomon
965 2839 1112 2927 blasphe-

68 2948 174 3017 mant,
190 2943 258 3005 imc
273 2941 432 3006 demedio
448 2942 560 3005 tollore
576 2944 731 3025 gestiunt.

112 3044 233 3108 Contra
247 3044 327 3108 haec
342 3065 484 3108 errorum
500 3051 644 3109 monstra
653 3045 870 3128 Apostolicam
879 3065 989 3110 rocem
999 3045 1111 3120 Tuam,
1162 3095 1164 3100 ,

68 3144 264 3210 Beatissimo
292 3148 387 3210 Pater
412 3147 632 3211 indesinenter
662 3147 795 3230 attollis,
821 3154 854 3211 ot
876 3146 949 3210 idoo
975 3149 1111 3212 oderunt
1195 3224 1200 3229 .

70 3249 117 3313 To
132 3246 245 3331 gratis,
260 3249 329 3313 Nos
340 3270 414 3313 voro
427 3249 486 3312 filii
499 3247 561 3313 Tui
577 3251 774 3314 surreximus
786 3255 818 3313 et
828 3249 872 3313 To
883 3251 1114 3317 Beatissimum

69 3350 305 3434 praedicamus.

112 3454 235 3519 Beatus
260 3473 295 3517 es
321 3454 395 3537 quia
410 3474 481 3518 caro
496 3456 529 3518 et
545 3455 678 3538 sanguis
704 3475 768 3518 non
783 3454 933 3519 revolavit
949 3453 1041 3531 Tibi;
1058 3455 1115 3518 sed

69 3556 166 3619 Pater
185 3556 289 3639 quiin
305 3557 402 3619 caelis
418 3563 477 3621 ost.
524 3557 626 3638 Super
654 3558 737 3621 hanc
766 3564 888 3641 petram
918 3557 1115 3621 aedificatam

66 3657 251 3723 Ecclesiam
283 3659 415 3721 scimus.
465 3657 639 3723 Bellabunt
668 3660 836 3724 adversum
872 3661 916 3722 'le
940 3660 1115 3722 inferorum

67 3766 182 3844 portae
211 3760 243 3823 et
272 3780 338 3823 non
360 3761 586 3843 praevalebunt
616 3763 637 3794 “
655 3762 729 3846 quia
751 3782 809 3845 ego
833 3761 951 3826 Tecum
967 3782 1049 3836 sum,
1071 3762 1116 3825 ait

69 3866 92 3896 ‘⁴
105 3860 281 3942 Dominus,
297 3869 336 3928 ut
350 3863 482 3928 liberem
499 3864 576 3929 Te.’'

1017 3966 1037 4006 B
