2572 4410
620 314 686 381 att

217 605 579 671 Exoonnuumlmouus
600 625 704 671 mrsu
727 626 930 675 scurrarum
952 608 1092 677 1100000

438 707 611 774 Pournuor
632 709 860 777 110000οΑ010.

166 840 503 910 Exoommunicationi
539 846 622 911 latae
652 848 829 913 sententiae
859 848 1002 915 Romano
1031 830 1186 915 Pontifici

113 952 303 1012 reservatae
318 948 480 1032 subjacere
495 949 715 1016 declaramus:
1217 1026 1226 1050 ἱ

170 1052 200 1114 l.
224 1050 383 1115 Dooentes
398 1054 450 1117 vel
472 1054 678 1136 defendentes
702 1056 771 1120 0100
793 1055 932 1139 publice,
950 1057 1015 1121 sive
1030 1057 1181 1141 privatim

120 1151 359 1236 propositiones
374 1151 413 1216 ab
427 1153 611 1237 Apostolica
629 1152 712 1220 Sede
733 1155 901 1218 damnatas
925 1153 985 1218 sub
1000 1174 1181 1219 excommu-

122 1255 296 1319 nicationis
319 1276 422 1338 poena
446 1256 530 1321 latae
553 1259 731 1322 sententiae
743 1281 752 1337 3
783 1259 863 1322 item
884 1259 1032 1322 docentes
1057 1258 1107 1322 001
1129 1257 1182 1322 de·

122 1357 291 1423 tendentes
305 1364 459 1443 tanquam
474 1360 597 1424 licitam
620 1362 746 1445 praxim
767 1362 949 1446 inquirendi
965 1383 983 1424 a
997 1362 1183 1446 poenitente

123 1483 241 1526 nomen
257 1462 420 1546 complicis
435 1464 544 1547 prouti
559 1464 709 1529 damnata
723 1470 773 1529 est
790 1486 809 1528 a
834 1465 1009 1529 Benedicta
1034 1463 1124 1529 XIV.
1147 1464 1183 1527 in

125 1561 237 1626 00001.
248 1562 416 1643 Supremo,
430 1567 450 1632 7
463 1563 484 1628 J
485 1564 545 1627 ulii
561 1565 657 1632 1745.
697 1566 760 1631 Ubi
769 1565 923 1649 primum,
937 1566 958 1628 2
974 1565 995 1630 J
996 1566 1066 1628 unii
1082 1564 1181 1633 1746.

123 1664 180 1728 Ad
196 1664 435 1743 eradicandum,
452 1665 495 1730 28
512 1665 709 1750 Septembris
725 1667 822 1735 1746.

167 1768 201 1831 2.
224 1766 391 1834 Violentus
405 1787 532 1842 manus,
551 1767 704 1830 suadente
720 1765 854 1842 diabolo,
867 1766 1051 1849 injicientes
1066 1765 1183 1830 10610-

123 1867 217 1943 ricos,
233 1868 284 1932 001
299 1869 469 1952 utriusque
484 1887 579 1931 sexus
594 1866 781 1943 Monachus,
799 1868 941 1949 exceptis
956 1865 1060 1950 quoad
1080 1887 1180 1929 reser-

123 1973 289 2036 vationem
304 1971 431 2036 casibus
447 1978 480 2036 et
493 1972 650 2055 personis,
668 1970 839 2055 dequibus
856 1968 929 2052 jure
943 1968 996 2033 001
1017 1967 1183 2051 privilegio

122 2077 334 2161 permittitur,
351 2083 389 2140 01
410 2077 594 2159 Episcopus
609 2081 666 2139 aut
680 2075 764 2139 01100
779 2073 930 2138 absolvat.

167 2183 201 2245 3.
225 2180 380 2244 Duellum
402 2182 632 2264 perpetrantes
656 2185 713 2244 aut
734 2179 922 2263 simpliciter
946 2175 986 2239 ad
1007 2175 1089 2238 illud
1110 2194 1182 2257 pro·

123 2287 287 2359 vocantes,
303 2282 353 2344 001
367 2282 475 2365 ipsum
491 2285 701 2364 acceptantes,
717 2285 751 2344 et
765 2275 925 2364 quoslibet
941 2273 1121 2358 complices,
1134 2271 1184 2335 001

123 2383 393 2467 qualemcumque
413 2403 552 2466 operam
576 2389 632 2447 aut
655 2384 794 2447 favorem
817 2376 1015 2466 praebentes,
1038 2397 1182 2440 necnon

124 2482 165 2546 de
181 2480 341 2544 industria
357 2487 546 2565 spectantes,
557 2480 701 2565 illudque
715 2482 950 2564 permittentes,
961 2481 1010 2543 vel
1025 2480 1183 2563 quantum

123 2589 161 2652 in
176 2586 243 2650 illis
266 2592 325 2662 est,
343 2607 408 2650 non
429 2584 649 2669 prohibentes,
667 2584 897 2670 cujuscumque
919 2584 1089 2668 dignitatis
1105 2583 1181 2658 sint,

125 2688 227 2753 etiam
241 2687 360 2770 regalis
375 2686 427 2751 001
441 2688 630 2770 imperialis.

170 2785 204 2850 4.
227 2787 354 2850 Nomen
378 2785 491 2849 dantes
512 2788 616 2850 000100
635 2787 851 2868 Moasooicce,
875 2796 932 2855 aut
957 2791 1183 2866 0006000000,

126 2891 185 2955 001
208 2891 280 2954 01110
303 2889 446 2975 ejusdem
462 2891 588 2972 generis
609 2887 704 2956 sectis
720 2914 799 2976 quae
814 2901 924 2959 contra
938 2895 1119 2959 Ecclesiam
1134 2893 1187 2958 vel

126 2994 291 3080 legitimas
306 2995 481 3077 potestates
498 3014 554 3056 000
568 2994 686 3077 palam,
703 3015 760 3059 seu
780 2997 978 3061 clandestine
1001 2997 1185 3060 machinan-

125 3101 192 3172 tur,
209 3114 347 3158 necnon
373 3092 489 3156 iisdem
513 3094 609 3158 sectis
631 3096 771 3159 favorem
793 3098 1059 3181 qualemcumque
1081 3116 1186 3179 praes·

126 3198 234 3262 100100
247 3219 256 3275 ;
279 3216 429 3259 earumve
444 3195 584 3259 occultos
599 3195 786 3278 coriphaeos
801 3219 837 3262 ac
852 3199 949 3263 duces
974 3218 1038 3260 non
1064 3196 1187 3258 denun-

128 3301 264 3377 ciantes,
280 3300 381 3363 donec
396 3319 463 3363 non
478 3298 751 3364 denunciaverint.

173 3408 206 3470 5.
229 3404 476 3468 Immunitatem
499 3402 578 3486 asyli
593 3404 808 3469 >ecclesiastici
830 3404 947 3469 violare
965 3400 1118 3486 jubentes
1133 3406 1189 3464 aut

129 3524 211 3570 ausu
226 3504 395 3567 temerario
409 3502 579 3567 violantes.

174 3604 207 3669 6.
230 3602 396 3670 Violantes
409 3602 590 3667 clausuram
599 3601 803 3683 Monialium,
817 3603 1047 3690 cujuscumque
1062 3605 1188 3689 generis

131 3711 189 3770 aut
203 3705 399 3770 conditionis
415 3724 511 3767 sexus
533 3703 585 3769 001
608 3707 723 3770 aetatis
737 3706 869 3784 fuerint,
886 3708 921 3770 in
934 3727 1045 3770 earum
1060 3724 1187 3769 monas·

131 3806 214 3870 teria
229 3806 347 3889 absque
362 3804 508 3888 legitima
530 3804 661 3869 licentia
682 3808 912 3891 ingrediendo;
936 3808 1119 3891 pariterque
1134 3825 1189 3870 eos

131 3909 372 3977 introducentes
397 3907 448 3974 001
472 3909 699 3993 0101110010ος
722 3911 865 3996 itemque
887 3909 1046 3975 Monieles
1070 3908 1109 3973 ab
1135 3907 1192 3971 illa
