2572 4410
619 340 683 405 115

159 515 237 581 219.
261 514 372 579 Sciant
386 512 516 588 Vicarii,
533 513 618 577 sicut
625 513 795 597 pastoralis
810 511 904 578 officii
917 512 1088 596 participes
1101 532 1175 577 con·

119 618 309 714 stituuntur,
326 618 372 682 ita
387 622 420 682 et
432 617 602 702 pastoralis
624 639 718 682 curae
740 623 773 682 et
795 617 1018 693 solicitudinis,
1043 638 1077 681 se
1099 637 1176 700 quo·

119 743 178 808 que
213 720 383 805 participes
417 720 512 786 fieri:
550 720 683 806 ideoque
713 721 794 805 ipsis
818 722 919 785 etiam
949 720 1177 803 obligationem

118 823 301 890 incumbere
323 821 538 906 praedicandi,
555 828 753 887 sacramenta
775 821 1034 898 administrandi,
1053 820 1178 885 scholas

118 924 281 1003 visitandi,
320 925 555 1008 aegrotantium
602 947 713 990 curam
765 925 916 1004 habendi,
962 922 1177 989 adolescentes

118 1029 305 1096 Christiana
325 1029 469 1093 doctrina
482 1029 650 1093 imbuendi
665 1036 697 1094 et
719 1031 754 1093 in
768 1029 982 1115 promovenda
997 1028 1177 1091 animarum
1271 1016 1275 1024 ’

116 1133 222 1198 salute
245 1152 280 1196 se
302 1136 388 1195 totos
409 1131 618 1214 impendendi
647 1137 679 1195 et
700 1133 809 1196 omnia
835 1132 937 1196 officia
966 1130 1109 1214 adquae
1139 1128 1178 1192 ab

114 1235 290 1319 Episcopis
305 1234 425 1298 fuerint
441 1233 595 1298 destinati
610 1234 817 1319 adimplendi.

160 1339 239 1402 220.
262 1337 475 1400 Meminerint
498 1336 706 1420 Ooadjutores
728 1335 908 1418 Peroebum
931 1356 1001 1400 esse
1024 1340 1178 1399 rectorem

113 1440 291 1526 paroeciae,
312 1445 345 1503 et
369 1438 502 1523 proinde
517 1460 592 1523 erga
606 1438 766 1504 Peroehos
781 1439 992 1503 reverentiam
1009 1442 1041 1501 et
1057 1437 1180 1520 subjec-

112 1545 243 1608 tionem
273 1541 455 1618 exhibeant,
486 1542 559 1606 illos
589 1563 715 1627 semper
744 1543 914 1607 consulant
944 1542 983 1605 de
1012 1540 1108 1605 rebus
1144 1541 1179 1604 in

114 1646 265 1733 paroecia
294 1646 490 1723 ordinandis,
517 1651 549 1709 et
573 1646 656 1710 nihil
682 1648 762 1730 ipsis
788 1648 900 1711 invitis
923 1647 1088 1723 innovent,
1115 1644 1181 1709 nis'i

118 1749 214 1814 aliter
231 1747 398 1811 Ordinario
413 1748 520 1812 visum
532 1748 640 1812 fuerit.
686 1750 739 1812 Ita
754 1749 883 1813 debitus
899 1748 974 1812 ordo
991 1747 1180 1823 servabitur,

118 1850 344 1917 contentiones
376 1870 458 1933 quae
492 1850 569 1913 oriri
591 1856 728 1933 possunt
753 1872 826 1914 cum
857 1849 1006 1914 scandalo
1036 1848 1181 1912 fidelium

119 1952 338 2030 evitabuntur,
355 1957 388 2015 et
403 1974 465 2035 pax
480 1973 561 2036 quae
573 1953 668 2017 debet
679 1955 816 2019 existere
826 1955 911 2017 inter
922 1973 975 2017 eos
987 1953 1043 2037 qui
1054 1953 1180 2016 vineam

118 2055 256 2120 Domini
272 2054 432 2132 excolunt,
449 2054 638 2118 servabitur.

166 2158 243 2221 221.
268 2155 303 2219 Si
315 2155 400 2239 quod
411 2161 545 2240 exurgat
560 2156 732 2221 dissidium
746 2158 831 2222 inter
852 2154 1026 2240 paroehum
1042 2159 1074 2218 et
1088 2154 1181 2218 Vice-

120 2265 220 2338 rium,
251 2267 321 2325 tota
350 2281 402 2324 res
427 2261 549 2345 judicio
573 2263 735 2327 Ordinarii
757 2263 987 2326 committatur.
1033 2261 1180 2339 Interim,

120 2388 220 2431 causa
234 2386 300 2429 non
315 2365 419 2442 finita,
436 2366 527 2430 cedat
541 2367 688 2431 Vicarius
706 2368 884 2432 sententiae
898 2365 1035 2449 parochi.

167 2470 243 2533 222.
263 2468 444 2533 statuimus
456 2475 489 2533 et
498 2471 683 2536 ordinamus
694 2477 731 2536 ut
742 2471 951 2557 parochorum
963 2471 1182 2554 Cocdjutores,

121 2571 263 2655 singulis
285 2570 504 2648 hebdomadis,
522 2579 581 2636 aut
604 2574 688 2658 apud
700 2574 830 2638 domum
845 2573 975 2658 parochi
990 2579 1046 2636 aut
1060 2573 1128 2637 loeo
1143 2573 1183 2636 ab

122 2696 163 2739 co
186 2679 320 2751 statute,
335 2674 456 2757 singuli
472 2676 609 2760 propriis
623 2678 771 2762 parochis
787 2698 857 2742 sese
872 2677 980 2741 obvios
998 2675 1182 2760 praebeant,

122 2782 162 2840 ut
176 2778 260 2841 inter
276 2797 310 2842 se
332 2775 372 2840 de
397 2776 503 2854 rebus,
531 2777 740 2863 subsequenti
765 2778 964 2843 hebdomada
985 2778 1019 2839 in
1041 2778 1185 2862 paroecia

126 2880 262 2963 agendis
289 2884 322 2942 et
348 2879 535 2943 ordinandis
562 2883 774 2947 conveniant:
798 2887 854 2945 aut
882 2880 968 2966 quod
996 2881 1081 2944 idem
1112 2882 1182 2960 erit,

123 2988 268 3047 mentem
283 2981 413 3066 parochi
435 3005 492 3067 per
517 2985 667 3068 epistolas
692 2987 853 3069 cognitam
878 2985 993 3048 habere
1018 2990 1130 3048 curent
1154 2985 1183 3049 si

123 3085 301 3170 parochum
317 3086 434 3170 absque
450 3088 537 3170 gravi
552 3089 753 3152 incommodo
768 3091 869 3154 visere
883 3088 1094 3172 nequiverint.

171 3191 247 3255 223.
274 3190 309 3253 Si
338 3191 485 3255 Vicarius
509 3197 597 3255 extra
620 3193 751 3256 domum
775 3214 867 3257 suam
888 3196 1072 3277 pernoctare
1094 3191 1183 3268 velit,

128 3293 310 3358 Parochum
329 3295 421 3378 prius
443 3296 611 3360 certiorem
633 3297 739 3360 faciat.
787 3297 822 3359 Si
847 3317 920 3360 vero
945 3316 1002 3378 per
1027 3299 1092 3356 tres
1116 3293 1185 3358 dies

127 3395 307 3463 absentiam
322 3396 506 3480 protrahere
519 3400 637 3482 cupiat,
649 3400 847 3484 Episcopum
859 3399 948 3482 prius
960 3402 1099 3474 moneat,
1114 3397 1184 3462 sine

125 3502 221 3586 cujus
244 3522 394 3585 expressa
419 3500 549 3567 licentia
572 3524 629 3586 per
650 3504 790 3588 quinque
815 3504 883 3567 dies
906 3501 956 3565 vel
986 3498 1097 3562 diebus
1119 3499 1184 3562 Do·

127 3607 259 3672 minicis
275 3611 331 3670 aut
345 3605 480 3685 festivis,
497 3628 664 3691 nunquam
680 3608 729 3671 illi
743 3607 853 3672 abesse
869 3604 986 3669 licebit.
