2572 4410
648 330 712 396 229

111 516 181 569 ex
197 501 322 588 quibus
336 499 493 580 innotuit,
510 501 626 568 multis
646 502 683 566 in
704 501 784 566 locis
807 498 848 564 de
870 499 974 566 abusu
996 500 1054 566 illo
1077 522 1208 585 gravem

113 603 398 671 admirationem
425 612 571 671 exortam
595 623 678 681 esse,
704 625 777 668 cum
802 601 910 687 aliqua
934 605 970 667 in
991 601 1139 669 Dioecesi
1166 627 1207 671 nc

116 706 310 774 credibilis
326 706 457 792 quidem
470 708 646 772 videretur.
690 704 814 771 Verum
828 725 896 770 non
912 705 1084 771 defuerunt
1095 706 1208 772 Antis·

120 809 224 878 bites
239 809 296 895 qui
310 812 400 875 illius
415 808 624 875 existentiam
639 810 774 892 ejusque
786 827 901 873 causas
912 805 1055 890 ingenue
1067 808 1208 874 confessi

128 920 236 980 sunt.
294 912 399 993 Quare
426 910 522 976 Eritis
552 908 706 975 Patribus
745 907 837 975 Sacri
872 909 973 994 hujus
1004 909 1142 974 Consilii
1172 909 1208 976 in

134 1013 354 1100 generalibus
369 1012 512 1079 comitiis
527 1013 579 1076 die
594 1013 636 1076 28
653 1010 854 1095 Septembris
867 1012 968 1097 elapsi
979 1015 1056 1076 anni
1070 1012 1206 1092 habitis,

138 1119 257 1183 omnia
278 1136 360 1200 quae
383 1115 424 1180 ad
446 1116 531 1180 hanc
552 1136 622 1179 rem
644 1112 864 1179 referebantur
881 1113 1026 1179 exhibita
1042 1118 1120 1181 sunt
1135 1136 1208 1200 per·

141 1218 329 1304 pendenda,
355 1216 494 1302 utquid
522 1219 616 1282 SSr‘ni
647 1217 853 1281 Sacramenti
878 1217 1004 1282 debitus
1030 1217 1135 1282 honor
1169 1239 1208 1284 ac

142 1323 309 1387 veneratio
330 1322 534 1406 postularent
555 1322 589 1384 in
605 1319 748 1384 Domino
764 1317 1001 1384 decerneretur.
1047 1321 1208 1386 Omnibus

144 1422 249 1508 igitur
271 1426 402 1488 maturo
425 1421 569 1489 examini
592 1420 758 1506 subjectis,
781 1424 971 1486 statuerunt
992 1421 1070 1486 Effri
1093 1423 1207 1488 Patres

144 1519 258 1586 literas
274 1522 455 1604 encyclicas
469 1520 512 1586 ad
523 1518 792 1604 Archiepiscopos
804 1526 903 1603 atque
915 1522 1098 1606 Episcopus
1109 1521 1208 1586 istius

144 1621 288 1706 regionis
303 1624 427 1689 dandas
443 1644 526 1702 esse,
544 1622 663 1706 quibus
678 1630 832 1687 constans
845 1617 1013 1688 Ecclesiae
1025 1623 1111 1708 rigor
1123 1623 1208 1690 circa

144 1720 375 1786 Eucharistiae
387 1722 582 1787 delationem
594 1728 910 1786 commemoraretur.
948 1723 1060 1789 Voluit
1072 1727 1221 1808 insuper.

147 1825 178 1893 S.
194 1826 235 1893 Ο.
252 1835 290 1890 ut
306 1847 473 1892 sacrorum
488 1828 664 1892 Antistites
688 1829 914 1903 excitarentur,
931 1828 1205 1912 quemadmodum

144 1925 368 2011 praesentium
389 1935 503 1994 tenore
532 1930 724 2005 excitantur,
749 1928 790 1991 ad
813 1950 1018 1993 communem
1041 1932 1205 1997 Ecclesiae

143 2028 351 2115 disciplinam
366 2028 429 2095 hac
444 2033 481 2094 in
495 2053 530 2096 re
544 2029 802 2107 custodiendam,
820 2038 979 2114 quantum
995 2035 1151 2116 temporis
1167 2054 1206 2098 ac

142 2132 289 2197 locorum
300 2134 456 2217 adjuncta
467 2154 526 2198 neo
538 2156 603 2198 non
615 2131 825 2197 indoctarum
837 2134 1109 2199 consuetudinum
1121 2137 1205 2200 ratio

142 2233 324 2320 patiantur,
347 2238 395 2300 ita
417 2242 526 2301 tamen
547 2243 584 2301 ut
608 2236 752 2301 sedulam
772 2243 891 2300 navent
911 2258 1042 2320 oporam
1058 2238 1098 2301 ad
1112 2258 1205 2302 veros

142 2337 266 2401 abusus
286 2336 494 2420 corrigendos
517 2344 612 2422 atquo
634 2337 859 2401 eliminandos.
904 2336 1009 2417 Quam
1025 2338 1155 2423 quidem
1170 2341 1204 2402 in

142 2458 213 2503 rem
228 2446 425 2504 censuerunt
440 2441 556 2504 Patres
570 2438 648 2503 itai
668 2437 812 2523 apprimo
833 2439 976 2504 conferre
999 2441 1204 2525 frequentem

142 2541 395 2605 celebrationem
422 2541 569 2607 sacrificii
595 2545 724 2620 missae,
751 2562 814 2625 quo
844 2541 991 2606 videlicet
1018 2543 1205 2609 Sacerdotes

141 2642 236 2706 facilc
251 2643 440 2708 necessitati
456 2633 621 2709 occurrere
635 2651 774 2729 possunt
797 2643 933 2710 SSr‘iram
957 2644 1203 2710 Eucharistiam

142 2771 253 2813 secum
280 2770 337 2832 per
361 2751 484 2815 multos
511 2751 581 2815 dies
610 2749 784 2815 retinendi.
831 2748 922 2829 Quae
948 2770 1022 2813 cum
1048 2748 1095 2815 ita
1124 2749 1203 2830 sint,

142 2851 255 2915 hortor
284 2850 544 2936 Amplitudinem
574 2859 679 2929 tuam,
711 2859 749 2916 ut
785 2854 819 2915 in
850 2872 925 2915 eum
954 2853 1052 2915 finem
1082 2854 1204 2917 rurales

141 2953 304 3019 aediculas
330 2954 595 3040 multiplicandas
620 2975 724 3032 cures,
750 2957 848 3039 atque
870 2956 954 3020 talia
975 2954 1053 3019 edas
1075 2954 1204 3019 decreta

141 3079 183 3122 ex
209 3057 329 3141 quibus
350 3056 470 3122 delatio
494 3055 590 3123 Sani
612 3055 812 3122 Sacramenti
834 3056 874 3119 ad
896 3058 1049 3138 urgentes
1074 3063 1203 3120 tantum

142 3181 268 3240 causas,
285 3169 381 3247 atque
399 3163 439 3226 ad
455 3162 580 3227 actuale
596 3159 769 3226 ministerii
785 3160 997 3224 sacerdotalis
1013 3163 1202 3226 exercitium

141 3268 331 3345 coarctetur,
359 3269 505 3352 injuncta
534 3286 608 3331 vero
638 3265 835 3349 presbyteris
867 3263 980 3329 stricta
1010 3266 1203 3349 obligatione

141 3392 268 3454 semper
289 3372 324 3435 in
346 3369 435 3436 hisce
457 3369 587 3434 casibus
618 3371 770 3433 Sanctam
793 3369 949 3434 Hostiam
973 3390 1069 3453 super
1091 3377 1204 3453 pectus

140 3473 315 3537 deferendi.
361 3474 509 3556 Denique
524 3473 732 3538 decreverunt
747 3470 823 3535 sni
835 3471 950 3535 Patres
965 3474 1003 3536 ut
1019 3472 1058 3536 de
1073 3474 1203 3554 negotio

140 3577 207 3640 isto
220 3572 421 3658 ⁴gravissimo
449 3572 484 3637 in
515 3573 767 3638 Prouincialibus
799 3573 952 3637 Conciliis
983 3580 1107 3657 agatur,
1139 3593 1203 3657 quo

140 3678 301 3740 nimirum
324 3676 481 3760 Episcopi
508 3695 581 3740 eam
607 3676 644 3738 in
671 3677 741 3741 suis
768 3675 967 3739 dioecesibus
998 3694 1202 3739 communem

141 3799 290 3842 normam
312 3779 464 3842 inducere
488 3785 645 3861 satagant,
662 3798 761 3863 quam
783 3776 1055 3860 augustissimum
1070 3778 1202 3842 Eucha-

142 3879 255 3946 ristiae
270 3882 466 3966 mysterium
481 3881 592 3959 decere
607 3878 869 3947 existimaverint.
916 3883 1061 3948 Tandem
1075 3883 1204 3967 Ampli-
