2572 4410
671 302 714 364 44

166 474 325 552 Praeside,
341 474 502 538 decretum
528 472 685 537 inhaere
701 474 820 558 Syncdi
847 470 1078 537 Thurlesianae
1094 470 1133 534 ad
1148 492 1217 535 ver·

167 578 244 641 bum
257 584 374 654 tenere,
390 576 489 640 dilata
503 577 687 660 quaestione
711 577 750 640 de
775 597 907 641 censura
930 573 1093 637 inferenda
1114 575 1220 658 quoad

168 680 206 743 de
220 680 387 763 Baptismc
401 686 434 742 et
449 678 654 743 Matrimonia
669 680 703 741 in
717 679 901 762 particulari
915 682 1113 741 tractaretur.

211 782 302 846 Tunc
315 788 519 865 perrexerunt
533 782 643 845 Patres
667 782 706 844 ad
722 782 898 845 secundum
921 778 1020 862 hujus
1043 779 1219 844 schematis

168 883 282 967 Caput,
316 885 354 948 dc
390 885 567 965 Baptismo,
603 883 849 947 discutiendum.
890 881 1034 966 Singulis
1071 882 1218 948 articulis

159 971 206 1049 'de
228 1007 315 1049 more
340 986 504 1069 perpensis
527 992 569 1063 et,
596 986 652 1048 ubi
681 1005 763 1069 opus
793 993 870 1062 erat,
893 984 1079 1061 emendatis,
1102 1003 1217 1049 omnes

168 1109 268 1172 usque
298 1088 339 1151 ad
366 1109 536 1151 numerum
560 1090 607 1152 ,38
636 1088 760 1171 probati
790 1095 877 1167 sunt.
935 1087 1017 1150 Inde
1046 1087 1152 1170 capita
1176 1087 1217 1152 ds

165 1191 323 1269 Arcticia,
351 1191 389 1254 ds
419 1191 506 1254 bouis
536 1191 760 1270 ecclesiasticis,
791 1191 829 1254 dc
858 1189 1101 1254 dissentionibus
1130 1189 1218 1254 iuter

33 1284 37 1291 ’
165 1293 248 1356 ciros
271 1292 489 1357 eccdsioslicoa
511 1293 677 1370 evitandis,
700 1314 801 1376 paene
824 1292 1017 1357 adverbum
1039 1313 1056 1354 e
1078 1291 1216 1357 decretis

168 1395 286 1477 Synodi
309 1395 536 1460 Thurlesianac
558 1397 753 1480 deprompta,
769 1396 907 1479 perlecta
929 1401 1007 1459 sunt
1021 1401 1087 1459 eta
1108 1395 1214 1460 Patri·

165 1494 226 1560 bus
242 1499 437 1561 confirmata.

208 1599 287 1664 Post
318 1599 379 1663 hcc
406 1602 501 1684 jussu
538 1601 615 1664 Efrii
648 1601 818 1677 Praesidis‚
853 1600 988 1684 perlegit
1018 1599 1214 1663 Secretarius

165 1700 326 1764 decretum
341 1702 537 1767 aGonventu
552 1705 696 1769 omnium
711 1702 885 1766 Hiberniae
900 1704 1143 1786 Episcoporum,
1160 1703 1214 1766 die

166 1804 207 1866 18
223 1804 302 1866 Maii
317 1822 403 1868 anno
420 1806 503 1868 1854
518 1805 654 1869 Dublini
673 1804 784 1869 habito
799 1805 1046 1889 promulgatum,
1064 1825 1126 1888 quo
1140 1825 1212 1888 prc-

164 1905 304 1969 hibitum
313 1913 363 1970 est
370 1907 590 1972 Sacerdotibus
602 1930 642 1972 ne
654 1906 799 1972 derebus
811 1906 1023 1971 saecularibus
1030 1914 1061 1971 et
1072 1907 1213 1990 politicis

165 2008 199 2070 in
229 2009 383 2073 Ecclesiis
407 2017 545 2091 agerent.
607 2011 699 2088 Quod
723 2011 899 2094 perlectum
928 2017 959 2074 et
989 2011 1213 2074 confirmatum

164 2103 312 2174 omnibus
327 2112 446 2195 placuit
461 2120 498 2177 ut
512 2114 597 2177 inter
611 2113 710 2197 hujus
733 2113 853 2196 Synodi
875 2113 1009 2176 Decreta
1031 2113 1209 2176 referretur.

207 2214 296 2292 Inde,
313 2215 397 2279 dicta
412 2217 565 2294 oratione,
583 2216 829 2300 congregationi
851 2216 926 2280 finis
941 2215 1112 2299 impositus
1127 2222 1187 2280 est.

538 2479 857 2488 -———--.——--

290 2653 610 2739 *GONGREGATIO
634 2655 891 2720 GENERALIS
915 2653 1090 2717 TERTIA.

206 2807 329 2872 Eodem
352 2809 412 2886 die,
429 2809 507 2874 hora
540 2810 679 2876 secunda
701 2833 774 2875 cum
796 2810 929 2874 dimidio
950 2816 1023 2893 post
1042 2807 1208 2872 meridiem

146 2909 271 2974 ,habita
286 2918 335 2975 est
350 2912 559 2998 Congregatic
576 2915 741 2979 Generalis
758 2913 874 2977 Tertia.

207 3012 341 3078 Schema
363 3014 400 3078 de
414 3017 481 3079 cito
496 3026 525 3080 ct
539 3017 697 3081 honestate
712 3017 893 3080 clericorum
908 3037 926 3078 a
942 3013 1115 3078 Secretario
1137 3033 1206 3096 per·

161 3116 280 3179 lectum
302 3124 362 3181 est.
407 3118 589 3202 Episcopis,
612 3121 696 3183 inter
721 3119 901 3203 legendum,
924 3115 1205 3199 interrogantibus,

161 3218 268 3302 plures
298 3242 316 3283 a
347 3220 516 3304 Theologis
539 3224 639 3286 factae
662 3229 738 3286 sunt
762 3220 1048 3285 animadversiones
1072 3239 1151 3301 quas
1173 3218 1208 3280 in

161 3320 286 3386 tabulas
312 3322 488 3386 retulerunt
515 3324 690 3389 Secretarii.
736 3323 860 3387 Eadem
886 3323 1008 3387 ratione
1031 3319 1207 3404 perlectum

161 3429 192 3487 et
222 3445 392 3488 excussum
421 3432 470 3489 est
493 3427 620 3492 schema
642 3427 679 3490 de
701 3426 813 3490 sciolis
838 3446 940 3508 usque
966 3423 1006 3487 ad
1036 3422 1207 3487 articulum

161 3530 320 3610 quartum,
337 3527 500 3592 inclusive.

202 3629 292 3708 Inde,
309 3630 393 3694 dicta
408 3632 556 3709 oratione,
574 3652 683 3698 omnes
699 3632 824 3697 dimissi
840 3637 926 3696 sunt.
