2572 4410
557 299 683 369 «7⁷

123 484 203 549 liter
219 484 281 549 fide
295 483 403 569 dignis
417 483 611 550 testimoniis
633 488 760 549 constet
781 482 978 568 baptismum
1001 482 1101 547 fuisse
1122 481 1184 548 rite

131 587 300 652 collatum.

171 690 229 755 41.
266 689 437 756 Occasione
465 689 628 775 Baptismi
656 687 834 754 oblationes
864 686 1019 772 quaedam
1046 685 1183 772 parocho

129 792 203 856 fieri
230 813 271 856 ex
298 798 424 857 vetusta
455 798 488 858 et
517 797 642 876 recepta
670 789 901 856 consuetudine
930 789 1044 854 solent.
1088 790 1182 855 Hanc

127 894 407 972 consuetudinem,
425 894 601 959 secundum
615 893 740 978 praxim
755 892 948 956 dioecesium
959 891 997 956 ab
1011 891 1183 976 Episcopis

125 999 305 1084 probatam,
333 1001 534 1065 retinendam
560 1021 632 1066 esse
660 1001 862 1065 arbitramur.
919 999 1052 1079 Verum,
1080 1020 1120 1064 ne
1143 1021 1182 1064 ex

127 1106 267 1190 alicujus
291 1108 432 1186 avaritia,
461 1107 582 1173 abusus
603 1108 664 1172 hac
686 1109 720 1172 in
749 1130 783 1172 re
805 1107 1057 1186 introducantur,
1086 1113 1119 1172 et
1141 1130 1182 1174 ne

127 1209 372 1275 Sacramentum
387 1211 426 1276 ad
443 1211 580 1276 salutem
603 1211 733 1275 omnino
757 1212 973 1276 necessarium
995 1212 1091 1276 alicui
1113 1233 1178 1278 non
1246 1220 1249 1227 '

126 1315 319 1393 conferatur,
336 1315 447 1380 nullus
461 1315 623 1402 Parochus
638 1321 694 1379 aut
710 1317 781 1399 ejus
802 1315 948 1379 Vicarius
962 1316 1125 1399 pactiones
1140 1317 1180 1382 de

124 1417 343 1481 oblationibus
372 1418 542 1500 praedictis
571 1425 645 1482 ante
668 1419 830 1501 Baptismi
853 1418 1054 1483 collationem
1077 1420 1177 1487 ineat.

124 1522 284 1584 Vetamus
294 1542 430 1604 quoque,
441 1527 473 1585 et
486 1522 547 1586 sub
556 1542 658 1606 poena
668 1522 889 1605 suspensionis
901 1521 984 1585 latae
996 1525 1177 1588 sententiae

123 1641 165 1684 ne
179 1623 341 1686 infantem
355 1623 516 1707 baptizare
530 1629 679 1688 recusent
702 1623 762 1688 sub
782 1628 947 1706 praetextu
963 1623 1105 1688 defectus
1121 1631 1177 1690 aut

123 1724 354 1791 subtractionis
370 1727 568 1792 oblationum
582 1727 826 1809 praedictarum.

167 1831 222 1894 42.
240 1829 391 1895 Sedulam
400 1851 528 1915 operam
534 1830 611 1895 dent
618 1830 803 1895 Sacerdotes
814 1836 851 1894 ut
862 1826 1178 1914 quantum'poternnt

119 1934 302 2019 impediant
318 1935 495 1999 nefandum
510 1934 592 1999 illud
607 1933 711 1998 scelus
735 1954 809 2019 quo,
826 1933 978 1998 adhibitis
990 1933 1177 2017 chirurgicis

120 2039 365 2117 instrumentis,
388 2039 495 2103 infans
516 2039 551 2102 in
581 2044 671 2103 utero
686 2039 887 2104 interficitur.
934 2039 1046 2102 Omnis
1068 2040 1175 2105 foetus

119 2162 314 2226 quocunqne
349 2147 494 2225 tempore
531 2141 720 2224 gestationis
757 2141 863 2205 editus
899 2139 1087 2224 baptizetur,
1124 2142 1175 2207 vel

118 2245 277 2323 absolute,
313 2246 341 2310 si
379 2250 504 2309 constet
527 2245 566 2308 de
595 2246 661 2308 vita
673 2268 682 2324 ;
721 2244 771 2308 vel
803 2245 862 2309 sub
889 2245 1069 2308 conditione
1107 2246 1171 2311 nisi

119 2349 283 2412 evidenter
297 2353 405 2432 pateat
420 2371 494 2413 eum
508 2349 573 2413 vita
588 2370 703 2412 carere.

528 2875 686 2938 -ΧΠ,

477 3029 521 3074 uu
544 3028 814 3075 concurreramus.
961 2997 963 3002 ¹

161 3179 215 3244 43.
238 3177 389 3242 Parochie
405 3178 561 3262 singulari
574 3174 734 3243 industria
755 3175 933 3243 curandum
947 3185 997 3244 est
1019 3185 1056 3244 ut
1077 3181 1169 3262 pueri

116 3288 151 3346 et
163 3279 288 3365 puellae
305 3302 415 3347 omnes
432 3283 472 3347 ad
488 3283 746 3347 Confirmationis
762 3290 997 3349 sacramentum
1015 3285 1166 3367 recipien-

116 3385 195 3448 dum
215 3385 377 3463 accedant,
397 3406 460 3469 quo
482 3387 617 3468 gratiam
636 3385 677 3449 ad
695 3384 791 3450 fidem
814 3392 943 3451 strenue
958 3387 1166 3470 profitendam

116 3488 285 3570 accipiant.

159 3592 213 3653 44.
235 3592 337 3654 Juxta
357 3596 557 3673 praesentem
582 3591 744 3656 Ecclesiae
765 3592 887 3675 praxim
911 3613 975 3655 non
1005 3594 1165 3657 confertur

114 3699 350 3756 sacramentum
381 3690 639 3757 Confirmationis
670 3694 734 3757 nisi
766 3699 839 3776 post
872 3696 1074 3776 septennium
1108 3700 1165 3759 aut

113 3795 228 3859 saltem
254 3800 329 3878 post
355 3793 504 3877 adeptum
531 3816 627 3860 usum
653 3795 797 3859 rationis.
853 3796 964 3859 Potest
988 3817 1059 3860 vero
1089 3803 1163 3862 ante

111 3898 265 3984 adeptum
281 3920 377 3964 usum
393 3900 525 3963 rationis
544 3901 652 3984 pueris
678 3900 835 3966 conferri:
860 3890 892 3965 1ο
914 3903 942 3966 si
965 3902 999 3966 in
1023 3903 1163 3987 periculo
