2572 4410
630 372 672 440 47

277 543 598 610 GONGREGATIO
622 541 814 608 PRJVATA
836 543 1022 609 DECIMA.

386 663 450 726 Die
467 663 508 726 14
523 663 724 744 Septembris,
740 663 838 726 Ferio
852 664 923 727 III.

165 782 259 846 Hora
295 782 417 846 decima
446 803 520 846 cum
549 782 682 847 dimidio
711 789 925 847 convenerunt
955 781 1065 848 Patres
1101 805 1174 848 oum

120 884 315 949 officialibus
331 885 477 948 Concilii.

165 987 221 1050 Ad
235 1007 367 1050 examen
381 992 562 1050 revocatum
572 994 622 1052 est
637 988 764 1052 schema
778 988 816 1051 dc
831 988 963 1053 Scholia.
1008 989 1173 1071 Discepta-

120 1090 214 1153 tiono
225 1110 321 1171 super
335 1090 469 1155 articulo
482 1091 545 1153 285
560 1097 717 1166 renovata,
724 1092 891 1174 proposuit
903 1090 1017 1154 Illrirus
1027 1097 1059 1155 ot
1071 1092 1173 1155 Rrirus

122 1191 165 1255 D.
199 1191 465 1275 Archiepiscopus
502 1193 714 1257 (lasseliensis
750 1192 921 1256 articulum
958 1193 1171 1271 emendatum,

122 1315 221 1378 quem
251 1293 419 1376 diligenter
448 1316 616 1359 excussum
646 1295 775 1358 demum
804 1294 1017 1378 probaverunt
1049 1295 1171 1375 Patres,

122 1396 285 1479 ajentibus
301 1397 440 1480 quinque
455 1419 550 1480 supra
564 1398 689 1482 viginti,
705 1396 896 1480 negantibus
911 1403 1018 1460 autem
1033 1397 1147 1462 tribus.

166 1499 311 1562 Perlecto
341 1499 474 1563 articulo
504 1501 567 1568 287
597 1501 722 1564 censuit
752 1499 867 1562 Illrirus
902 1506 934 1562 et
963 1498 1103 1564 Rovffius
1130 1501 1171 1565 D.

120 1601 305 1684 Episcopus
335 1601 515 1667 Kerriensis
545 1624 625 1686 opus
654 1624 719 1666 non
741 1623 810 1666 esse
832 1602 1075 1684 suspensionem
1103 1604 1173 1684 ipso

120 1703 205 1772 facto
227 1703 449 1767 incurrendam
471 1712 581 1768 contra
601 1705 682 1788 legis
705 1712 952 1786 transgressores
974 1704 1170 1784 denuntiare,

121 1805 181 1869 sed
195 1805 326 1869 omnino
339 1807 481 1870 sufficere
496 1807 703 1890 suspensione
714 1806 868 1888 serendae
883 1808 1054 1870 sententiae
1069 1809 1172 1890 legem

121 1909 259 1971 firmare.
304 1909 392 1972 Huic
405 1911 580 1974 sententiae
595 1910 807 1974 adhaeserunt
822 1909 943 1987 Patres,
956 1910 1172 1975 annuentibus

121 2011 292 2090 sexdecim,
309 2012 597 2076 contradicentibus
612 2019 720 2076 tamen
735 2012 911 2076 duodecim.

166 2115 337 2195 Longioris
360 2115 587 2197 disputationis
617 2115 814 2179 occasionem
842 2112 988 2195 praebuit
1017 2115 1171 2180 articulus

121 2217 197 2281 289.
244 2217 395 2280 Pluribus
410 2217 527 2281 frustra
542 2218 713 2301 propositis
729 2223 761 2279 et
776 2216 918 2279 excussis
944 2217 1170 2296 emendationi·

121 2319 193 2397 bus,
217 2321 385 2403 proposuit
407 2320 589 2403 Episcopus
615 2320 797 2383 Kerriensis
826 2340 893 2381 rem
916 2317 1058 2382 Praesidi
1086 2319 1170 2384 Effro

122 2423 396 2499 committendam,
413 2423 468 2506 qui
491 2424 662 2486 articulum
692 2423 894 2485 emendatum
924 2419 1170 2505 congregationi

120 2524 264 2606 proxime
285 2524 467 2609 insequenti
488 2526 632 2589 deferret.
679 2524 769 2602 Quod
792 2545 864 2588 cum
879 2523 1028 2588 omnibus
1050 2525 1170 2608 placuit

120 2633 298 2691 conventus
313 2628 410 2690 finem
425 2628 555 2712 accepit.

240 2948 558 3012 CONGREGATIO
582 2945 774 3011 PRIVATA
796 2948 1045 3013 UNDEGIMA.

161 3081 287 3145 Eodem
317 3084 378 3160 die,
399 3084 478 3146 hora
500 3085 638 3147 secunda
660 3105 733 3147 cum
755 3083 887 3146 dimidio
909 3090 983 3167 post
1004 3084 1168 3147 meridiem

118 3184 237 3247 iterum
252 3194 466 3250 convenerunt
482 3187 592 3250 Patres
607 3208 680 3250 cum
695 3185 881 3250 officialibus
898 3186 1044 3250 Consilii.

162 3286 269 3351 Effius
281 3287 411 3353 Praeses
426 3290 460 3352 in
475 3289 616 3352 medium
630 3289 765 3372 protulit
779 3289 949 3352 articulum
966 3289 1168 3353 emendatum

114 3387 211 3471 juxta
229 3411 339 3473 preces
360 3392 621 3474 Congregationis
642 3392 840 3470 confectum
865 3392 930 3474 qui,
952 3390 1038 3455 brevi
1058 3389 1168 3454 habita

118 3492 362 3575 disceptatione,
380 3494 530 3558 omnibus
544 3494 676 3577 placuit.

163 3595 243 3658 Inde
259 3603 472 3661 convenerunt
494 3597 604 3660 Patres
626 3597 798 3672 nonnullos
819 3595 968 3659 articulos
987 3596 1166 3678 pretermit-

113 3697 232 3762 tendos
247 3699 364 3783 quippe
379 3700 435 3783 qui
445 3700 552 3783 potius
563 3700 597 3762 in
609 3700 744 3782 epistola
761 3699 880 3782 Synodi
894 3698 1045 3780 pastorali
1060 3698 1166 3761 locum

113 3799 252 3864 habent:
276 3808 415 3866 caeteros
438 3809 545 3865 autem
568 3803 718 3867 articulos
734 3822 833 3886 usque
849 3800 888 3864 ad
910 3820 1079 3863 numerum
1102 3802 1165 3864 335

114 3903 282 3981 inclusive,
306 3906 446 3969 exammi
468 3904 638 3989 subjectos,
656 3912 688 3970 et
709 3906 744 3968 in
767 3903 957 3988 quibusdam
980 3902 1164 3968 emendatos

114 4006 339 4090 probaverunt.
