2572 4410
681 402 745 466 140

225 575 301 640 334.
323 575 438 639 Visum
461 579 570 639 autem
592 579 643 639 est
664 573 759 639 nobis
783 573 894 639 eadem
917 576 1015 639 etiam
1038 582 1180 642 statuero
1205 579 1248 645 de

181 678 434 762 frequentatione
449 676 585 761 Collegii
599 675 777 742 Acatholici
798 675 1012 742 Dublinensis
1028 676 1090 761 (uti
1110 681 1244 759 vocant)

183 781 242 845 SS.
281 782 471 848 Trinitatis:
511 787 544 845 et
576 801 614 846 eo
646 781 697 846 vel
729 781 834 864 magis
864 782 939 866 quia
966 782 1002 847 in
1032 782 1245 852 Academiam

180 883 271 948 illam
300 890 443 949 recenter
471 883 642 950 inductum
664 890 715 949 est
739 890 880 968 systema
908 884 1124 952 Educationis
1152 910 1244 955 mere

180 989 364 1052 saecularis.

224 1096 300 1159 335.
323 1094 477 1157 Districta
491 1094 592 1177 igitur
616 1093 802 1158 Sacerdotes
824 1098 856 1158 et
871 1093 1003 1158 clericos
1032 1115 1147 1160 omnes
1173 1099 1242 1163 sive

181 1202 365 1265 Saeculares
380 1202 445 1265 sive
460 1201 645 1284 Regulares,
662 1200 836 1284 etquidem
849 1199 909 1265 sub
929 1201 1018 1284 gravi
1030 1200 1243 1284 prohibemus
1262 1232 1280 1272 a

179 1323 220 1366 ne
236 1304 308 1386 quis
323 1323 434 1366 eorum
449 1303 586 1367 consilio*
597 1302 649 1367 vel
662 1303 725 1366 alio
739 1303 852 1387 quovis
867 1301 962 1367 modo
976 1301 1168 1386 parentibus
1184 1310 1280 1372 001ῖ.

180 1405 253 1469 aliis
267 1427 376 1469 curam
394 1408 552 1489 juvenum
573 1405 768 1470 habentibus
791 1405 935 1483 suadeat,
959 1412 997 1470 ut
1018 1405 1280 1477 adolescente}

179 1529 288 1572 eorum
298 1529 392 1572 curae
401 1509 591 1572 commissos
601 1508 641 1571 ad
653 1507 853 1592 praedictum
865 1507 1045 1591 Collegium
1056 1507 1116 1572 SS.
1130 1509 1280 1574 Trini—

178 1613 256 1676 tatis
277 1611 328 1675 vel
349 1611 390 1674 ad
412 1611 553 1694 Collegia
575 1611 718 1694 Reginae
737 1613 805 1696 jam
829 1616 1004 1675 memorata
1025 1611 1174 1691 mittant,
1191 1614 1280 1680 ve]

174 1714 347 1798 juvenibus
376 1715 467 1799 ipsis,
491 1720 529 1778 ut
552 1714 694 1798 Collegit
707 1715 771 1778 ista
785 1717 999 1799 frequentent.
1043 1714 1112 1779 Nec
1131 1717 1277 1784 clerici

177 1837 366 1902 quocunque
380 1816 475 1881 modo
491 1816 642 1900 Collegiis
656 1817 731 1881 istis
745 1818 882 1881 faveant.

168 1949 171 1954 ¹
223 1922 297 1986 336.
319 1921 494 2003 Invigilent
522 1920 675 2005 Episcopi
697 1926 735 1984 ut
756 1920 835 1985 haec
864 1921 988 1985 monita
1016 1922 1056 1987 ab
1087 1923 1242 1990 omnibus

180 2030 357 2102 serventur,
375 2030 407 2087 01
430 2030 469 2087 01
490 2043 602 2088 ornnes
625 2023 820 2088 Confessarii
834 2023 944 2086 habita
966 2025 1089 2089 ratione
1112 2028 1237 2109 pericu·

179 2129 283 2192 lorum
299 2148 390 2211 quae,
406 2134 502 2211 prout
517 2148 536 2190 0
552 2132 661 2191 000010
677 2126 752 2191 sede
773 2126 969 2190 declaratum
992 2134 1053 2206 est,
1072 2129 1150 2193 istis
1166 2130 1233 2194 Col·

162 2231 271 2313 ³legiis
293 2228 471 2305 inhaerent,
491 2231 628 2311 juvenes
650 2227 831 2293 deterreant
850 2248 892 2291 ne
907 2228 962 2292 1110
976 2230 1185 2316 frequentent
1206 2241 1236 2299 et

179 2354 290 2396 eorum
305 2338 454 2416 parentes
469 2353 510 2395 ne
526 2332 565 2396 ad
581 2331 692 2396 eadem
707 2352 784 2397 suos
799 2332 882 2397 filios
898 2333 1042 2397 mittant.

647 2852 806 2917 XXVHI.

443 3009 488 3052 DE
510 3007 748 3053 UNIVERSITATE
772 3007 965 3053 GATHOLIOA.

222 3125 295 3189 337.
312 3123 404 3200 Quod
419 3130 527 3187 autem
542 3121 582 3186 ad
600 3113 853 3186 Universitatem
868 3096 1020 3186 nostram⁶
1037 3121 1242 3190 Catholicam

175 3226 306 3302 attinet,
321 3225 356 3289 in
372 3226 558 3290 memoriam
568 3245 752 3288 revocamus
761 3224 907 3290 omnium
917 3245 1011 3288 curae
1022 3230 1151 3288 nostrae
1165 3246 1241 3309 pas·

179 3327 272 3392 torali
281 3327 527 3392 commissorum
534 3326 723 3410 praesertim
731 3347 804 3391 vero
818 3327 1029 3402 sacerdotum,
1041 3332 1241 3410 quantopere

174 3432 297 3496 Sanora
320 3430 418 3495 Sedes
440 3428 625 3514 Apostolioa
647 3450 728 3512 opus
743 3431 833 3494 istud
850 3430 973 3493 iteratis
995 3430 1120 3494 vicibus
1143 3432 1240 3497 nobis

181 3535 457 3599 commendaverit.
489 3533 691 3597 Universitas
701 3534 763 3597 ista
772 3540 845 3617 post
856 3533 1020 3616 Synodum
1031 3533 1240 3601 Nationalem

183 3636 486 3700 Thurlesianensem
502 3635 636 3698 feliciter
651 3635 808 3718 incoepta,
828 3636 896 3719 jam
918 3655 975 3718 per
997 3655 1098 3699 00000
1122 3637 1239 3720 viginti
1277 3690 1280 3735 :

182 3745 215 3802 et
230 3739 368 3823 amplius
382 3739 458 3802 fidei
472 3737 623 3802 vexillum
638 3738 744 3821 polam
758 3739 843 3802 inter
858 3739 1014 3801 maximas
1029 3739 1238 3806 difficultates

181 3845 269 3921 tulit,
285 3851 318 3908 et
332 3845 432 3909 bonos
447 3844 572 3909 fructus
594 3844 678 3920 fecit,
695 3842 770 3907 licet
784 3864 850 3908 non
873 3863 997 3922 omnes,
1014 3844 1070 3926 qui
1084 3845 1180 3910 nobis
1203 3848 1236 3910 in

181 3949 263 4012 votis
278 3954 379 4012 erant.
