2572 4410
354 755 616 849 LITTERAE
650 758 726 850 PH
757 759 831 851 ΡΡ.
868 760 936 852 ΙΧ.

633 928 675 973 sn

120 1045 505 1110 eRoHIEPISoopos
538 1046 597 1109 ΕΤ
632 1045 871 1114 EPISCOPOS
904 1049 1169 1114 HIBERNIAE.

424 1518 573 1596 PIUS
624 1520 718 1597 ΡΡ.
771 1519 858 1598 ΙΧ.

120 1699 276 1764 Drusum
292 1699 369 1765 Fmr
382 1703 518 1767 Nosrua
537 1723 579 1766 ur
594 1703 827 1767 Vnuuuasmus
842 1701 1005 1783 Ferreus,
1024 1721 1170 1768 sanorum

275 1840 318 1883 ar
332 1823 561 1885 Arosromoau
576 1823 862 1887 Burunrorrouuu.

165 1955 341 2019 Pnamrss
372 1955 412 2019 ad
439 1957 507 2022 Nos
536 1958 667 2022 fuerunt
695 1957 821 2022 litterae
857 1965 979 2023 vestrae
1017 1960 1168 2023 amantis-

123 2058 224 2122 simae
260 2080 325 2123 una
363 2080 437 2123 oum
476 2060 611 2124 decretis
650 2058 814 2124 Plenariao
852 2061 970 2144 Synodi
1011 2083 1029 2124 a
1070 2061 1169 2126 Vobis

121 2161 306 2239 celebratae,
345 2184 424 2247 quae
457 2163 638 2226 auctoritati
674 2162 808 2227 Nostrae
841 2162 1042 2246 Apostolioae
1078 2163 1169 2228 obse-

122 2252 352 2347 quentissimo,
376 2273 413 2329 ut
442 2287 498 2348 par
528 2272 604 2342 erat,
632 2267 738 2329 animo
764 2265 955 2348 subjecistis.
1001 2263 1067 2329 Nos
1098 2287 1169 2329 oon-

122 2367 233 2430 lostim
267 2388 303 2430 ea
334 2368 458 2432 decreta
492 2368 739 2452 Congrogationi
776 2367 910 2432 Nostrae
932 2368 1024 2432 Fidei
1053 2368 1168 2453 Propa-

122 2470 243 2553 gandae
259 2471 456 2552 praepositae
479 2471 682 2552 expendenda
697 2472 928 2549 commisimus,
953 2493 1031 2555 quae
1055 2492 1167 2554 oppor-

121 2570 343 2635 tunumVobis
353 2573 440 2636 dabit
450 2578 656 2656 suotempore
665 2574 747 2636 circa
757 2574 812 2636 illa
823 2595 1020 2656 responsum.
1045 2574 1170 2638 Interea

119 2675 222 2737 facere
237 2688 301 2737 non
315 2695 496 2757 possumne,
509 2674 633 2739 Dilecto
661 2676 725 2737 Fili
739 2676 865 2752 Noster,
881 2682 913 2739 ct
932 2676 1012 2739 Van.
1029 2673 1167 2752 Fratres,

121 2777 198 2860 quin
214 2765 360 2840 nostrum
382 2799 456 2861 erga
469 2777 535 2842 Vos
559 2779 832 2842 studiosissimum
848 2779 990 2842 animum
1010 2778 1069 2841 hao
1085 2780 1166 2861 epis-

120 2879 187 2942 tola
201 2879 407 2944 declaremus.
453 2879 493 2943 Id
505 2881 591 2943 enim
606 2902 624 2943 a
639 2880 739 2944 Nobis
755 2882 882 2944 omnino
897 2881 1071 2963 postulant,
1095 2889 1166 2944 tum

120 2982 236 3064 optimi
257 2982 306 3044 illi
328 2984 360 3046 et
375 2983 568 3046 nobilissimi
591 3004 704 3047 sensus
727 2983 905 3047 dilectionis
920 2983 1037 3046 litteris
1052 2984 1173 3047 vestris·

119 3085 308 3166 oonsrgnati‚
325 3090 358 3148 et
371 3087 424 3167 pia
435 3085 541 3148 omina
552 3106 588 3147 ao
598 3092 670 3149 vota
684 3085 750 3149 illis
766 3085 922 3167 adjuncta,
940 3085 1055 3168 quibus
1071 3085 1164 3148 afflic-

117 3187 224 3250 tiones
236 3186 370 3251 Nostras
387 3187 482 3251 solari
494 3186 675 3264 studuistis,
686 3193 756 3251 tum
768 3187 914 3271 egregius
924 3187 1014 3250 aelus
1026 3207 1088 3270 quo
1099 3186 1164 3251 Vos

117 3289 268 3353 incensos
293 3311 349 3373 pro
379 3289 441 3353 Dei
457 3297 489 3353 et
512 3288 688 3374 Religionis
715 3289 815 3372 gloria
838 3290 1069 3371 cognoscimus,
1093 3296 1164 3352 tum

117 3391 307 3474 obsequium
328 3413 364 3454 ac
387 3394 569 3457 testificatio
592 3393 721 3456 devotae
742 3391 925 3467 voluntatis,
939 3412 1001 3474 qua
1014 3391 1115 3454 Nobis
1131 3397 1163 3453 et

117 3492 195 3556 huic
220 3495 381 3557 communi
404 3496 549 3559 omnium
570 3495 787 3558 Ecclesiarum
809 3494 906 3556 Matri
928 3500 960 3556 et
988 3493 1161 3573 Magistrae

116 3596 279 3658 Romanae
307 3595 393 3672 Sedi,
414 3595 479 3661 Vos
501 3599 634 3661 firmiter
660 3595 822 3660 devinctos
845 3616 915 3660 csse
938 3595 1157 3659 confirmastis.

114 3698 205 3761 Haeo
249 3696 316 3761 Nos
359 3699 558 3782 perlegentes
617 3701 651 3762 in
703 3699 819 3763 litteris
855 3699 969 3762 vestris
1016 3698 1157 3760 consola-

111 3801 201 3864 tione
223 3800 337 3884 repleti
355 3823 478 3879 sumus,
495 3809 589 3886 atque
605 3804 732 3886 justum
748 3802 929 3885 putavimus
950 3808 987 3863 ut
1005 3800 1157 3883 perhanc
