2572 4410
604 325 669 388 208

113 502 165 566 lex
179 505 212 565 et
225 497 427 564 naturalibus
447 498 516 562 suis
530 497 652 561 viribus
674 497 714 559 nd
737 497 908 561 hominum
923 518 959 561 ae
973 497 1169 582 populorum

112 604 234 669 bonum
249 601 424 666 curandum
440 601 569 664 sufficit.

156 704 258 770 Alloc.
274 705 424 768 Monimo
439 701 574 784 quidem,
592 703 612 766 9
627 701 720 764 Junii
735 700 833 766 1862.

156 808 189 871 4.
213 808 335 871 Omnes
349 805 513 888 religionis
527 804 676 867 veritates
690 826 730 867 ex
743 803 1018 867 nativahumanae
1032 805 1170 869 rationis

112 910 145 974 vi
168 909 331 984 derivant3
347 907 425 971 hine
450 907 533 970 ratio
547 911 597 969 est
610 907 758 988 princeps
777 926 890 970 norma
905 927 967 989 qua
981 905 1080 970 homo
1095 928 1170 991 cog·

112 1013 268 1075 nitionem
298 1011 444 1074 omnium
469 1011 700 1092 cujuscumque
725 1009 851 1090 generis
879 1009 1053 1077 veritatum
1081 1030 1169 1073 asse-

112 1115 168 1198 qui
181 1113 287 1196 possit
300 1133 336 1175 ac
350 1110 472 1174 debeat.

117 1222 123 1233 '
156 1216 264 1298 Epist.
281 1213 413 1296 Encycl.
432 1212 664 1294 emptoribus,
682 1214 702 1277 9
717 1208 905 1275 Novembris
922 1212 1019 1276 1846.

155 1316 265 1400 Epist.
281 1315 413 1397 Encycl.
430 1315 597 1397 Singulari
609 1315 745 1396 paidom
764 1316 803 1380 17
820 1313 930 1376 Martii
946 1313 1059 1383 1856..

157 1417 261 1483 Alloc.
277 1419 427 1480 Maximo
443 1418 568 1500 quidem
582 1419 603 1482 9
619 1418 711 1480 Junii
727 1415 823 1479 1862.

156 1523 189 1584 ὅ.
212 1520 331 1584 Divina
352 1521 500 1584 revelatio
529 1527 579 1585 est
600 1520 795 1602 imperfecta,
822 1524 854 1581 et
883 1519 995 1582 iccirco
1026 1515 1169 1601 subjecta

112 1624 266 1687 continuo
281 1628 314 1685 et
327 1620 495 1686 indefinito
509 1623 693 1706 progressui
702 1622 758 1705 qui
773 1619 933 1684 humanae
947 1621 1082 1684 rationis
1097 1642 1167 1706 pro·

113 1725 270 1810 gressioni
284 1723 489 1815 respondeat.

157 1827 265 1910 Epist.
277 1825 410 1909 Encycl.
428 1826 494 1904 Qut
503 1823 662 1906 pluribus,
680 1828 700 1891 9
717 1824 907 1890 Novembris
924 1825 1020 1888 1846.

65 1925 66 1928 '
157 1927 259 1993 Alloo.
275 1929 426 1991 Maximo
440 1927 575 2010 paidom,
593 1930 614 1993 9
630 1927 721 1992 Junii
738 1927 834 1991 1862.

157 2032 190 2095 6.
214 2028 336 2096 Christi
355 2031 435 2094 fides
449 2030 608 2093 humanae
633 2032 809 2111 refragatur
831 2030 973 2107 rationi;
997 2027 1168 2112 divinaque

113 2135 272 2210 revelatio,
289 2155 354 2196 non
370 2133 474 2197 solnm
499 2132 582 2196 nihil
596 2133 737 2217 prodest,
752 2153 863 2195 verum
885 2133 982 2195 etiam
1004 2136 1099 2194 nocet
1113 2129 1169 2195 110-

114 2236 213 2299 minis
227 2233 423 2319 perfectioni.

158 2339 265 2423 Epist.
283 2338 416 2420 Encycl.
436 2337 500 2415 Qut
509 2337 667 2418 pluritas,
684 2340 705 2402 9
720 2335 909 2401 Novembris
926 2336 1022 2399 1846.

158 2438 260 2504 11100.
276 2441 426 2502 Maximo
442 2439 577 2521 quidem,
594 2440 722 2505 9111111
739 2439 834 2504 1862.

157 2544 189 2609 7.
213 2541 404 2626 Prophetiae
419 2548 452 2605 et
474 2543 637 2618 miracula,
654 2544 688 2605 in
704 2543 802 2606 sacris
820 2541 954 2605 Litteris
980 2545 1125 2625 exposita
1140 2551 1174 2608 et

115 2649 252 2720 narrata,
284 2649 361 2707 sunt
382 2650 547 2726 poetarum
577 2650 767 2720 commenta,
806 2649 839 2707 et
872 2643 1073 2708 Christianae
1096 2647 1174 2709 fidei

114 2746 266 2828 mysteria
301 2744 595 2830 philosophicarum
632 2747 916 2828 investigationum
954 2767 1101 2826 summa;
1140 2755 1175 2812 et

114 2848 282 2933 utriusque
309 2845 505 2912 Testamenti
529 2850 620 2912 libris
635 2848 778 2932 mythice
793 2850 997 2913 continentur
1023 2850 1173 2922 inventa3

114 2952 246 3035 ipseque
268 2950 365 3013 Jesus
383 2951 535 3015 Christus
561 2959 612 3016 est
635 2952 776 3035 mythice
790 2949 888 3014 fictio.

158 3053 264 3137 Epist.
280 3053 414 3135 Encycl.
434 3055 497 3132 Qui
507 3055 666 3136 pluribus,
684 3057 705 3119 9
721 3053 910 3117 Novembris
927 3049 1024 3117 1846.

158 3153 261 3219 Alloe.
276 3157 426 3218 Maximo
440 3156 575 3238 quidem,
593 3160 613 3222 9
629 3157 721 3220 Junii
738 3156 833 3220 1862.

399 3460 656 3513 narloramsrtus
678 3466 883 3513 nonnasrus.

158 3569 190 3632 8.
214 3566 323 3648 Quum
358 3569 440 3631 ratio
478 3568 619 3631 humana
658 3569 721 3653 ipsi
757 3569 906 3650 religioni
936 3569 1172 3652 aequiparetur,

114 3671 225 3734 iccirco
248 3660 444 3752 theologicae
474 3670 661 3755 disciplinae
697 3671 828 3754 perinde
865 3691 901 3733 ac
929 3668 1173 3755 philosophicae

72 3854 76 3862 Ι
114 3773 295 3836 tractandae
312 3778 397 3837 eunt.

158 3874 261 3940 Alloe.
278 3875 447 3957 Stopalori
462 3875 600 3958 quodam
610 3875 748 3959 perfusi,
765 3878 785 3942 9
800 3874 987 3940 Decembris
1004 3876 1101 3941 1854.
