2572 4410
666 325 731 388 268

175 500 296 581 dejure
311 498 467 560 communi
483 507 619 578 possam
640 498 778 574 adnatat,
799 498 966 564 dumnrodo
981 501 1135 584 liquimus
1150 504 1226 580 sint,

174 610 207 663 at
234 598 432 680 arffcientea)
465 599 620 679 seqnitur,
652 596 738 680 quod
768 599 931 663 stantibus
956 599 1033 665 licet
1058 601 1228 687 principiis

175 697 378 784 generalibus
406 697 620 779 praestitutis,
651 695 740 759 hand
773 715 845 761 raro
873 717 968 762 casus
997 700 1164 778 eveniunt,
1194 699 1229 764 in

174 802 293 887 quibus
311 800 612 864 Ecclesiasticorum
634 797 825 863 Praesidum
834 798 958 884 judicia
971 799 1107 865 haerere
1122 803 1230 866 solent

173 907 209 970 in
234 925 308 969 vera
329 903 482 987 justaque
511 902 699 985 probatione
728 902 954 986 dignoscenda,
982 926 1019 968 ac
1044 906 1229 982 statuenda,

174 1011 241 1073 imo
256 1030 313 1091 pro
329 1026 458 1071 summa
472 1004 529 1069 illa
542 1005 708 1082 facilitate,
721 1027 802 1090 qnae
816 1008 921 1070 aetate
934 1015 1049 1071 nostra
1061 1009 1153 1072 iacta
1168 1011 1229 1085 ast,

174 1112 412 1176 remotissimas
442 1127 587 1193 quasque
616 1111 763 1190 regiones
793 1109 930 1174 adeundi
958 1108 994 1174 in
1023 1130 1141 1175 omnes
1167 1113 1232 1175 iere

175 1214 264 1279 orbis
278 1216 386 1296 partes
400 1213 550 1276 homines
572 1212 778 1296 divagantur,
795 1211 954 1297 ejusmodi
968 1233 1103 1277 casuum
1119 1211 1231 1278 multi·

174 1316 256 1380 tudo
286 1316 365 1380 adeo
394 1316 562 1390 succrevit,
601 1322 638 1378 ut
673 1313 929 1399 frequentissimi
964 1315 1026 1380 hac
1055 1317 1096 1380 de
1126 1339 1163 1381 re
1191 1316 1233 1380 ad

176 1421 369 1501 Supremam
384 1419 466 1481 hanc
481 1419 770 1501 Congregationem
792 1419 970 1483 habeantur
984 1439 1149 1497 recursus,
1166 1440 1233 1484 non

175 1524 247 1585 sine
262 1541 356 1604 porro
374 1518 519 1603 partium
541 1518 755 1597 incommodo,
777 1522 896 1604 quibus
918 1520 1004 1586 inter
1024 1520 1235 1587 informatio-

174 1644 244 1700 nes,
261 1626 357 1708 atque
371 1621 614 1699 instructiones,
631 1643 710 1706 quas
732 1644 793 1707 pro
815 1646 848 1688 re
871 1626 957 1702 neta,
974 1628 1010 1689 ut
1029 1626 1135 1702 aiunt,
1152 1623 1234 1710 peti,

175 1725 324 1810 mittique
353 1746 487 1791 necesse
512 1733 573 1802 est,
604 1727 781 1809 plurimum
811 1726 926 1792 defluit
954 1730 1120 1812 temporis,
1153 1731 1236 1812 quin

174 1828 301 1915 possint
316 1830 356 1895 ad
371 1837 480 1914 optata
495 1836 566 1894 vota
581 1831 759 1894 convolare.

219 1935 419 2017 Quapropter
435 1935 530 1997 Sacra
551 1933 663 1998 eadem
685 1933 902 2018 congregatio
916 1933 1105 2018 hujusmodi
1120 1955 1235 2001 neces·

177 2034 329 2102 sitatibus
355 2055 518 2100 occanere
543 2035 746 2119 percupiens,
778 2035 941 2118 simulque
966 2037 1172 2118 perpendens
1198 2038 1235 2101 in

176 2135 302 2201 dissitis
323 2136 513 2218 praesertim
534 2132 726 2198 missionum
755 2135 846 2210 locis,
868 2132 1120 2198 Ecclesiasticus
1143 2156 1235 2219 prae-

177 2239 262 2302 sides
285 2239 475 2321 opportunis
503 2237 638 2300 destitni
666 2236 829 2312 subsidiis,
861 2236 980 2319 quibus
1008 2258 1049 2299 ex
1077 2236 1235 2319 gravibus

176 2339 420 2406 difficultatibus
454 2342 612 2404 extricare
643 2360 678 2404 se
707 2341 849 2417 valeant,
881 2361 899 2402 e
928 2361 961 2403 re
991 2361 1063 2402 esse
1091 2339 1233 2416 censuit,

178 2443 356 2508 uberiorem
388 2445 480 2507 edere
510 2445 775 2518 Instructionem,
805 2444 840 2505 in
869 2462 945 2526 qua,
975 2444 1027 2518 iis,
1059 2446 1234 2528 quaejam

174 2548 296 2612 tradita
319 2554 405 2623 sun-t,
429 2548 519 2611 nullo
542 2549 637 2628 pacto
660 2546 829 2629 abrogatis,
850 2546 983 2628 regulae
1004 2547 1232 2627 indigitantur,

175 2669 258 2733 quas
273 2651 307 2712 in
323 2650 480 2732 ejusmodi
502 2649 629 2713 casibus
652 2647 731 2712 haec
752 2650 823 2733 ipsa
846 2650 879 2711 S.
903 2649 1120 2731 Congregatio
1142 2651 1235 2732 sequi

177 2752 270 2827 solet,
286 2760 324 2815 ut
339 2753 471 2816 illarum
493 2771 564 2834 ope,
588 2753 640 2816 vel
663 2752 782 2835 absque
803 2753 996 2815 necessitate
1018 2771 1169 2816 recursus
1193 2751 1234 2816 ad

179 2854 332 2921 Sanctam
357 2853 484 2930 Sedem,
506 2857 633 2939 possint
650 2854 775 2938 judicia
796 2855 882 2929 ferri,
899 2854 951 2918 vel
965 2860 1064 2929 certe,
1081 2855 1110 2917 si
1124 2875 1235 2919 recur-

175 2958 315 3023 rendum
332 2959 386 3034 sit,
409 2964 513 3022 status
536 2959 736 3041 quaestionis
758 2958 804 3020 ita
825 2955 964 3020 dilucide
986 2963 1176 3038 exponatur,
1197 2963 1237 3021 ut

177 3060 328 3145 impediri
343 3059 482 3143 longiori
496 3081 590 3125 mora
605 3062 769 3125 sententia
784 3081 848 3125 non
864 3038 1008 3124 debeat'
1035 3059 1153 3142 Itaque

223 3168 253 3229 1.
278 3163 362 3231 (lum
384 3165 423 3228 de
443 3165 589 3248 conjugis
610 3170 716 3228 morte
736 3164 884 3246 quaestio
901 3159 1096 3238 instituitur,
1113 3164 1235 3227 notan·

178 3267 259 3332 dum
273 3266 378 3351 primo
393 3267 472 3343 loco,
490 3265 575 3350 quod
590 3268 819 3349 argumentum
837 3288 857 3329 a
876 3266 943 3330 sola
962 3267 1067 3348 ipsius
1087 3264 1236 3330 absentia

178 3380 443 3454 quantacumque
460 3370 549 3448 (licet
563 3388 584 3432 a
599 3367 725 3452 legibus
740 3367 887 3433 civilibus
901 3368 966 3431 fere
978 3367 1099 3450 ubique
1112 3366 1236 3433 admit·

176 3475 281 3551 tatur)
306 3493 327 3537 a
352 3470 461 3538 Sacris
486 3469 676 3536 canonibus
702 3469 838 3535 minime
862 3471 1023 3534 sufficiens
1046 3468 1089 3534 ad
1102 3471 1236 3553 justam

177 3576 405 3662 probationem
425 3576 570 3640 habetur.
615 3573 710 3638 Unde
732 3594 778 3639 aa.
799 3594 864 3638 me.
886 3575 965 3637 Pius
984 3572 1042 3638 VI.
1059 3573 1099 3635 ad
1119 3572 1236 3638 Archi·

177 3677 366 3763 episcopum
387 3679 587 3761 Pragensem
607 3678 659 3741 die
678 3679 717 3740 11
737 3675 819 3741 Julii
841 3678 925 3744 1789
939 3673 1113 3758 rescripsit,
1131 3676 1237 3740 solam

178 3783 325 3865 conjugis
340 3782 531 3857 absentiam,
549 3783 648 3864 atque
663 3779 891 3844 omnimodum
905 3773 1049 3861 ejusdem
1065 3775 1237 3844 silentium

178 3886 258 3950 eatis
279 3894 498 3968 aspernantem
517 3906 582 3948 aaa
602 3905 666 3949 esee
689 3882 733 3946 ael
752 3891 882 3946 monem
901 3880 1177 3962 comprobandum,
1195 3903 1239 3947 ne
