2572 4410
605 306 670 372 144

111 479 262 544 conviviis
277 485 334 544 aut
348 477 473 544 choreis
494 484 619 564 partem
634 499 700 544 non
713 478 865 560 habeant,
880 501 940 546 nec
955 481 1003 546 eis
1025 482 1173 547 favorem

112 582 180 647 ullo
195 581 290 646 modo
304 580 478 646 ostendant
496 587 554 646 aut
568 583 809 666 patrocinentur
823 603 864 647 ne
879 584 1025 648 censuris
1036 585 1174 648 ecclesi·

112 685 221 750 asticis
242 686 440 763 irretiantur,
457 692 490 749 et
510 685 592 749 falsa
613 706 720 750 rerum
743 687 848 771 specie
870 687 987 765 allecti,
1004 708 1023 751 a
1045 689 1174 771 profes·

112 789 203 853 sione
228 809 318 853 verae
343 787 419 852 fidei
443 788 478 851 in
500 787 806 853 indifferentismum
832 795 890 854 ant
916 789 1174 855 naturalismum

111 889 289 954 trahantur.

576 1069 696 1085 Ἀ

383 1391 428 1436 oa
450 1388 560 1436 merus
582 1391 694 1438 rarus
716 1371 894 1440 urinum}

156 1508 231 1575 347.
254 1507 345 1571 Inter
358 1508 528 1572 innumera
537 1530 617 1592 quae
632 1510 692 1573 hac
701 1514 803 1573 astate
819 1515 1006 1593 grassantur
1016 1511 1102 1574 mala
1116 1511 1172 1575 vix

112 1610 215 1674 ullum
230 1610 335 1692 magis
348 1609 538 1693 plorandum
554 1617 614 1687 cst,
632 1611 755 1695 quodve
766 1613 871 1694 majus
886 1612 961 1675 fidei
973 1633 1009 1675 ac
1024 1612 1170 1678 moribus

113 1712 379 1776 christifidelium
398 1712 628 1777 detrimentum
650 1714 747 1777 infert
769 1733 867 1798 quam
891 1716 1090 1778 “teterrima
1114 1715 1171 1779 illa

115 1820 136 1848 “
148 1822 197 1881 tot
218 1817 361 1900 undique
376 1816 553 1880 volantium
568 1821 601 1880 et
616 1838 744 1901 peceare
759 1818 944 1881 docentium
966 1819 1171 1883 voluminum

114 1922 135 1952 “
148 1940 184 1982 ac
198 1919 380 1982 libellorum
396 1919 542 2001 contagio
558 1919 614 2001 qui
629 1925 702 2002 apte
724 1919 893 2003 compositi
915 1940 951 1984 ae
973 1920 1116 1984 fallaciae
1138 1925 1173 1985 et

114 2021 273 2085 “artificii
287 2021 384 2105 pleni,
397 2020 656 2104 immanibusque
671 2021 854 2105 sumptibus
863 2042 920 2105 per
934 2022 1043 2085 omnia
1053 2022 1124 2086 loca
1134 2023 1172 2086 in

115 2125 349 2189 “Christianae
363 2124 467 2208 plebis
478 2125 646 2188 interitum
658 2124 815 2208 dissipati,
828 2126 997 2207 pestiferas
1009 2125 1173 2191 docuinas

115 2227 264 2311 “ubique
279 2227 502 2303 disseminant,
519 2227 722 2290 incautorum
737 2227 945 2308 potissimum
959 2234 1085 2292 mentes
1101 2229 1171 2291 ani-

116 2334 280 2414 “mosque
295 2330 500 2413 depravant.'’
547 2328 620 2412 (SS.
637 2331 679 2393 D.
695 2330 737 2394 N.
754 2331 817 2392 ΡΡ.
831 2331 910 2396 Pius
925 2331 984 2394 IX.
999 2331 1175 2415 Encycliea

115 2435 138 2465 “
156 2433 218 2511 Qut
229 2433 409 2513 pluribus,''
427 2433 478 2496 die
494 2435 514 2498 9
529 2433 624 2510 Nou,
642 2433 755 2510 1846.)

157 2537 233 2601 348.
251 2537 353 2613 Quam
362 2535 491 2618 quidem
499 2535 720 2600 tristissimam
729 2557 836 2600 rerum
845 2537 1060 2601 conditionem
1071 2539 1174 2601 etiam

113 2639 148 2701 in
163 2643 273 2702 nostra
288 2637 445 2700 Hibernia
467 2639 611 2714 existere,
634 2638 710 2702 licet
725 2659 790 2702 non
813 2644 941 2702 tantum
962 2644 1120 2722 quantum
1135 2640 1173 2703 in

114 2740 186 2803 aliis
201 2738 393 2822 quibusdam
407 2738 603 2821 regionibus,
619 2740 755 2803 minime
771 2744 821 2802 est
835 2738 1118 2802 dissimulandum.

158 2841 229 2904 349.
253 2839 386 2920 Etenim
400 2838 528 2902 venales
538 2839 660 2922 passim
671 2843 827 2922 prostant,
840 2839 958 2921 vilique
973 2837 1096 2920 praetio
1111 2837 1173 2899 cir-

114 2942 335 3007 cumferuntur
349 2940 434 3018 libri,
451 2940 560 3017 libelli,
576 2940 729 3017 novellae,
742 2960 865 3003 necnon
889 2945 921 3002 et
935 2937 1173 3022 ephemerides,

115 3065 252 3129 quorum
268 3044 437 3126 scriptores
460 3042 648 3125 religionem
671 3063 707 3104 ec
729 3061 856 3104 morum
877 3039 1080 3103 honestatem
1104 3039 1175 3102 sive

115 3152 223 3229 aperto
238 3151 340 3208 marte
356 3146 421 3208 sive
435 3144 600 3222 insidiose,
617 3144 780 3227 impetunt
797 3149 829 3206 et
850 3142 1038 3205 labefactare
1053 3160 1175 3203 conan-

115 3254 179 3311 tur.
235 3246 433 3329 Hujusmodi
461 3266 554 3329 porro
585 3246 703 3327 scripta
732 3265 751 3307 a
781 3243 954 3307 Catholicis
983 3240 1175 3305 hominibus

67 3359 70 3365 '
115 3351 304 3433 quandoque
321 3355 483 3425 emuntur,
499 3348 660 3410 incorum
676 3347 787 3411 domos
798 3346 1007 3428 recipiuntur,
1021 3349 1118 3426 alque
1133 3344 1176 3407 ab

115 3473 225 3516 eorum
239 3451 350 3515 liberis
365 3456 398 3515 et
412 3449 597 3513 domesticis
613 3450 684 3512 sine
699 3448 823 3512 delectu
838 3448 1001 3530 leguntur.

160 3557 234 3620 350.
260 3556 368 3632 Quum
390 3555 491 3637 igitur
512 3553 615 3616 nostri
636 3553 781 3616 muneris
797 3552 841 3616 sit
855 3568 968 3634 greges
982 3553 1112 3612 nostros
1135 3548 1177 3611 ad

116 3657 267 3720 salutaria
281 3677 398 3740 pasena
413 3656 526 3719 ducere
542 3660 574 3718 et
590 3676 608 3718 a
622 3657 788 3720 venenatis
802 3659 953 3730 avertere,
966 3651 1175 3716 vehementer

114 3761 149 3823 in
171 3759 312 3824 Domino
335 3779 448 3824 omnes
473 3757 657 3823 Sacerdotes
680 3759 869 3843 pracsertim
895 3775 968 3821 vero
991 3755 1175 3820 animarum

409 3882 491 3933 ¹vide
505 3883 623 3947 Append.
634 3884 730 3934 XXIV.
745 3898 803 3946 pag.
815 3884 871 3932 343.
