2572 4410
608 375 674 441 246

112 571 292 631 cumactem
306 584 346 627 ex
367 560 481 627 eadem
503 561 606 646 parte,
623 580 688 646 qua
706 558 741 627 S.
759 558 960 645 Sanguinem
980 559 1111 627 biberet
1131 559 1169 628 in

112 673 266 753 paratum
280 683 339 730 vas
354 663 514 728 demittat.
560 660 701 728 Calicem
723 659 863 726 subinde
877 659 986 746 ipsum
1009 659 1167 726 Purifica-

112 768 197 833 torio
216 764 319 830 linteo
342 763 520 847 abstergat,
537 782 576 828 ac
602 762 732 826 demum
758 759 929 846 cooperiet,
946 763 996 826 uti
1022 759 1108 826 alias
1130 759 1165 827 fit

113 876 210 953 atque
236 868 278 932 ab
304 867 398 930 altari
423 864 577 930 discedat.
623 865 791 948 Depositis
813 863 960 930 vestibus
986 863 1103 943 sacris,
1135 867 1165 931 et

113 973 289 1056 gratiarum
310 968 438 1034 actione
460 969 630 1051 completa,
649 987 737 1053 aqua
760 990 777 1032 e
803 967 912 1033 (talice
938 969 1087 1034 demissa
1109 989 1165 1054 pro

113 1095 221 1139 rerum
237 1071 400 1158 adjunctis
411 1072 464 1137 vel
480 1070 520 1134 sd
534 1072 621 1134 diem
636 1068 821 1135 crastinum
837 1073 981 1136 servetur
994 1069 1038 1149 (si
1046 1091 1167 1155 nempe

113 1196 152 1242 eo
161 1197 275 1241 rursus
288 1174 444 1241 Sacerdos
457 1174 568 1237 redeat
579 1170 719 1238 Missam
729 1172 921 1252 habiturus)
933 1181 967 1238 et
977 1172 1012 1237 in
1024 1175 1167 1238 secunda

112 1275 336 1364 purificatione
350 1274 386 1340 in
403 1273 543 1340 Calicem
558 1273 765 1354 demittatur,
776 1275 828 1341 vel
843 1273 989 1361 gossipio
1002 1283 1061 1341 aut
1071 1284 1169 1361 stupa

113 1382 265 1464 absorpta
287 1379 508 1454 comburatur,
533 1379 585 1444 vel
611 1380 647 1442 in
675 1378 822 1445 Sacrario
850 1377 878 1445 si
905 1381 949 1445 sit
973 1380 1169 1446 exsiccando

113 1482 329 1566 relinquatur.
346 1481 397 1544 vel
413 1480 604 1543 demittetur
618 1481 654 1543 in
669 1479 841 1563 piscinam.

157 1584 241 1648 Cum
256 1586 367 1648 autem
382 1580 474 1659 celis,
491 1601 557 1664 quo
574 1583 730 1648 Sacerdos
744 1582 887 1668 primum
903 1585 954 1649 est
968 1603 1062 1661 usus,
1080 1583 1170 1669 puri·

113 1682 230 1750 ficatus
242 1679 310 1763 jam
327 1677 381 1758 sit,
400 1681 428 1744 si
442 1680 498 1744 illo
512 1681 584 1764 ipso
599 1701 659 1764 pro
675 1683 780 1748 Missa
802 1683 904 1748 altera
917 1680 1077 1766 indigeat,
1094 1704 1172 1748 eum

114 1803 224 1849 secum
246 1783 394 1848 deferat:
419 1804 511 1848 secus
525 1803 600 1848 vero
615 1781 650 1848 in
664 1785 767 1849 altera
789 1784 893 1853 Missa
907 1785 1035 1853 diverso
1060 1786 1172 1854 calice

113 1883 163 1952 uti
177 1884 309 1970 poterit.

156 1989 239 2055 Cura
253 1990 398 2071 superior
412 1989 449 2054 S.
462 1989 506 2053 R.
521 1989 560 2054 0.
577 1989 753 2054 Iaetractc'o
764 1993 895 2056 maciei
905 2014 1014 2058 caeam
1024 1995 1169 2076 respicit,

112 2112 173 2175 qao
195 2092 351 2158 Sacerdos
381 2092 463 2155 daos
485 2093 609 2156 Missas
633 2092 759 2157 dvissitc's
781 2095 818 2157 ia
840 2095 916 2160 lecte
931 2097 1043 2161 cadem
1058 2099 1172 2162 discit

112 2195 323 2259 celebratores
334 2222 346 2266 ;
371 2216 484 2276 operae
506 2195 645 2276 preclara
666 2196 839 2261 cicumeat
861 2219 899 2261 ec
922 2199 1171 2266 Commentario

111 2298 352 2362 Bartholomaci
365 2299 509 2362 Gacareti
520 2307 550 2361 et
561 2298 712 2380 Cajetaae
725 2301 858 2364 Mariae
873 2303 998 2366 Merati
1009 2302 1061 2366 bic
1070 2304 1172 2367 ritem

111 2401 282 2484 adjmcpere
297 2423 318 2465 a
329 2402 498 2466 Sacerdote
512 2401 703 2466 servandam
718 2423 788 2465 cam
802 2412 970 2486 atramque
981 2406 1125 2470 Missam
1133 2408 1170 2470 e're

112 2504 220 2569 eodem
234 2505 383 2569 Ecclesia
398 2506 510 2587 offerre
526 2504 625 2568 debet.

156 2616 230 2679 Hoc
245 2613 354 2699 itaque
368 2613 406 2678 in
428 2635 509 2679 casu
535 2613 690 2682 Sacerdos
718 2617 793 2700 post
819 2615 978 2683 haustum
1004 2620 1039 2683 in
1065 2620 1170 2704 prima

112 2715 218 2782 Missa
247 2716 422 2801 diligenter
453 2717 651 2802 Sanguinem
682 2717 827 2798 Domini,
856 2723 976 2786 omissa
1009 2724 1170 2788 consueta

112 2819 349 2906 purificatione,
369 2829 486 2907 patena
509 2819 644 2887 calicem
666 2824 699 2887 et
714 2824 801 2907 palla
821 2830 973 2908 patenam
994 2831 1111 2908 tegens
1135 2847 1171 2889 ae

113 2942 209 3005 super
223 2921 387 3005 corporale
411 2919 608 3005 relinquens,
627 2918 712 2985 dicet
731 2919 856 3005 junctis
871 2922 1048 2986 manibus:
1074 2923 1170 3001 Quod

112 3045 164 3087 orc
184 3024 374 3105 sumpsimus
396 3025 545 3100 Domine,
562 3033 620 3088 etc.
665 3021 793 3088 Deinde
808 3023 940 3107 digitos,
962 3025 1081 3110 quibus
1106 3024 1170 3092 SS.

115 3124 358 3191 Sacramentum
388 3124 507 3211 tetigit,
530 3124 565 3190 in
592 3124 700 3210 aliquo
721 3147 797 3192 vase
824 3129 945 3192 mundo
973 3127 1104 3193 adhoc
1131 3128 1170 3194 in

112 3231 215 3296 Altari
251 3233 439 3316 praeparato
469 3231 588 3307 abluet,
621 3228 753 3294 interim
784 3229 896 3297 dicens
927 3233 1052 3314 Corpus
1080 3243 1172 3298 taam

113 3335 261 3411 Domine,
279 3344 348 3411 cta,
366 3331 585 3416 abstersisque
602 3331 823 3417 purificatorio
833 3333 946 3418 digitis
957 3333 1088 3400 calicem
1096 3337 1171 3402 velo

112 3434 285 3520 cooperiet,
304 3437 512 3521 velatumque
542 3442 641 3520 ponet
674 3456 772 3521 super
797 3440 959 3522 corporale
983 3440 1170 3504 extensum.

113 3537 275 3603 Absoluta
290 3537 396 3604 Missa
411 3538 439 3604 si
454 3538 547 3602 nulla
561 3537 598 3601 in
613 3537 759 3604 Ecclesia
786 3537 831 3605 sit
857 3537 1018 3618 sacristia,
1035 3541 1171 3605 calicem

114 3638 227 3704 eodem
242 3643 337 3706 modo
353 3662 448 3725 super
462 3641 576 3705 Altare
590 3637 770 3726 relinquet;
796 3662 889 3707 secus
905 3665 979 3709 vero
994 3642 1030 3707 in
1044 3641 1170 3710 Sacris-

113 3739 193 3806 tiam
208 3742 341 3820 deferet,
358 3741 466 3828 ibique
482 3764 578 3828 super
593 3745 766 3828 Corporale
781 3747 833 3811 vel
854 3748 979 3831 pallam
1000 3746 1035 3812 in
1059 3746 1172 3832 aliquo

113 3843 183 3908 loco
193 3843 322 3909 decenti
331 3851 363 3909 et
372 3846 483 3910 clauso
495 3846 663 3911 collocabit
673 3868 774 3931 usque
785 3849 825 3912 ad
834 3850 1008 3914 secundam
1014 3851 1169 3916 Missam:

113 3943 148 4010 in
164 3965 239 4031 qua,
255 3967 329 4012 cum
344 3948 456 4014 eodem
471 3948 570 4015 calice
585 3948 635 4018 uti
657 3949 781 4028 debeat,
799 3948 895 4016 illum
917 3972 1032 4019 rursus
1056 3972 1171 4018 secum
