2572 4410
605 343 673 410 218

157 523 210 588 e1.
233 507 411 586 nomia
438 516 516 584 nce
543 517 704 603 injerunt
726 512 855 581 nanum
884 518 970 602 juria
1002 518 1168 583 mesas

111 626 342 690 detrimentum
356 621 458 687 affert.

156 727 258 791 Alloc.
280 725 480 791 Jcmdudam
493 723 661 800 cemimus,
678 724 721 786 18
734 720 847 786 Martii
862 722 960 788 1861.

156 830 210 894 62.
233 826 499 893 Proclamandum
513 830 610 890 estet
624 825 856 890 observandum
869 826 1066 910 principium
1081 828 1168 911 quod

111 937 226 996 vocant
239 932 290 994 De
304 951 371 994 uon
386 930 573 993 intemerata.

155 1035 257 1097 Alloc.
280 1034 387 1096 Nocoa
402 1041 433 1095 et
455 1041 538 1108 ante,
555 1031 598 1094 28
614 1029 810 1113 Septembris
827 1030 923 1093 1860.

156 1137 210 1200 68.
234 1134 407 1218 Legitimis
421 1133 625 1217 Principibus
639 1132 853 1196 obedientiam
868 1130 1053 1211 detrectare,
1065 1133 1168 1199 immo

110 1246 145 1302 et
157 1238 308 1302 rebellare
319 1237 405 1300 licet.

158 1341 267 1423 Epist.
290 1339 424 1422 Encycl.
449 1338 515 1416 Qui
522 1337 681 1419 pluribus,
695 1339 716 1402 9
730 1336 920 1401 Novembris
936 1338 1034 1402 1846.

156 1441 258 1506 Alloc.
284 1442 422 1522 Quoque
436 1449 584 1516 cestram,
600 1442 621 1502 4
638 1436 783 1504 Octobris
798 1441 894 1506 1847.

156 1545 265 1628 Epist.
281 1543 415 1626 Encycl.
431 1543 573 1606 Nescitis
588 1550 619 1606 et
632 1542 813 1619 Nobiscum,
831 1544 851 1606 8
867 1543 1053 1607 Decembris
1069 1545 1167 1610 1849.

157 1645 240 1709 Litt.
264 1645 376 1730 Apost.
394 1646 475 1710 Cum
491 1645 655 1721 catholico,
674 1645 716 1708 26
727 1643 839 1707 Martii
850 1646 947 1708 1860.

158 1748 212 1812 64.
237 1749 322 1811 Τ11111
345 1750 501 1832 cujusque
524 1746 721 1810 sanctissimi
742 1748 919 1830 juramenti
941 1747 1080 1824 violatio,
1098 1756 1168 1812 tum

115 1849 276 1935 quaelibet
297 1852 430 1914 scelesta
451 1847 672 1933 flagitioseque
694 1849 776 1912 actio
799 1851 1011 1932 sempiternae
1032 1851 1099 1934 legi
1121 1874 1168 1915 re-

114 1974 271 2038 pugnans,
295 1974 359 2018 nen
382 1954 486 2017 solum
509 1950 596 2015 haud
622 1957 673 2015 est
695 1952 912 2034 improbanda,
933 1973 1047 2016 verum
1070 1955 1167 2016 etiam

115 2057 244 2120 omnino
269 2055 368 2133 licita,
394 2055 593 2138 summisque
617 2052 767 2117 laudibus
790 2052 958 2132 efferenda,
984 2056 1168 2138 quandoid

114 2180 171 2242 pro
185 2159 306 2242 patriae
321 2179 427 2222 amore
443 2163 568 2241 agatur.

158 2260 259 2326 Alloc.
285 2261 406 2339 Quibus
421 2260 616 2342 quantisque,
635 2259 677 2321 20
693 2257 815 2342 Aprilis
831 2261 927 2324 1849.

310 2651 459 2695 ERRORES
480 2651 524 2694 DF.
548 2651 752 2695 MATRIMONIO
775 2651 979 2696 CHRISTIANO.

161 2769 212 2831 65.
236 2767 333 2831 Nulla
347 2769 469 2832 ratione
491 2768 566 2831 ferri
591 2774 707 2851 potest,
722 2766 890 2833 Christum
905 2771 1047 2835 evexisse
1059 2775 1170 2836 matri·

116 2871 262 2934 monium
277 2869 317 2932 ad
331 2869 522 2952 dignitatem
534 2871 734 2934 sacramenti.

160 2973 242 3035 Litt.
267 2974 380 3055 Apost.
404 2972 685 3054 Actaeaeacteae,
703 2973 744 3035 22
759 2973 902 3057 Augusti
920 2977 1015 3040 1861.

161 3076 213 3138 66.
239 3074 437 3137 Matrimonii
448 3080 682 3138 sacramentum
693 3078 817 3139 nonest
830 3078 894 3140 nisi
906 3079 984 3159 quid
994 3085 1172 3146 contractui

117 3178 327 3241 accessorium
353 3177 392 3240 ab
415 3197 515 3260 eoque
538 3178 723 3262 separabile,
741 3179 913 3264 ipsumque
936 3191 1172 3248 sacramentum

117 3281 152 3343 in
167 3302 233 3344 una
246 3286 374 3344 tantum
388 3281 525 3364 nuptiali
541 3280 760 3344 benedictione
776 3283 875 3345 situm
891 3289 951 3346 est.
1072 3269 1075 3274 Α

159 3383 241 3446 Litt.
258 3381 370 3466 Apost.
386 3382 444 3445 Aa
457 3383 670 3464 Apostolicae,
689 3385 731 3446 22
746 3385 888 3468 Augusti
900 3388 996 3453 1851.

161 3486 213 3552 67.
238 3485 259 3550 J
260 3507 317 3548 ure
328 3491 461 3549 naturae
476 3487 673 3550 matrimonii
683 3487 846 3551 vinculum
858 3510 921 3551 non
936 3496 986 3553 est
1000 3491 1172 3557 indissolu-
1211 3493 1217 3501 ’

116 3586 191 3663 bile,
208 3594 240 3651 et
254 3589 289 3651 in
304 3589 400 3651 variis
414 3589 552 3666 casibus,
569 3588 740 3653 disortium
755 3591 881 3673 proprie
897 3592 1020 3657 dictum
1036 3597 1173 3660 auctori·
1228 3591 1231 3596 ’

117 3694 183 3752 tate
198 3691 286 3753 civili
302 3690 417 3752 sanciri
432 3696 549 3774 potest.

158 3792 240 3855 Litt.
257 3792 368 3875 Apost.
385 3792 442 3854 Aa
456 3792 668 3875 Apostolicae,
686 3795 728 3856 22
744 3795 886 3879 Augusti
904 3799 1001 3861 1851.

160 3893 260 3957 Alloc.
285 3894 545 3971 Arabicarum,
563 3898 605 3964 27
619 3897 816 3980 Septembris
833 3901 929 3963 1852.
