2572 4410
628 284 670 348 95

120 465 202 541 suis,
222 472 383 549 quantum
398 465 467 529 fieri
481 472 598 547 potest,
614 471 701 530 veste
715 465 818 543 talari,
834 466 928 550 vulgo
944 466 1028 530 dicta
1042 475 1171 530 11111111

118 567 311 632 induantur.

166 672 243 736 124.
269 672 401 735 (11111111
428 670 551 734 Gollare
571 672 763 748 Romanum,
789 671 873 756 quod
897 672 1012 735 merito
1039 678 1171 736 vocatur

116 773 330 837 Sacerdotem
359 773 493 855 11119111,
525 774 674 837 omnibus
710 775 800 837 laicis
826 774 989 837 catholicis
1019 774 1116 836 etiam
1142 775 1171 837 si

112 878 189 939 sint
205 877 350 959 religiosi
364 877 448 953 laici,
466 879 597 941 omnino
614 878 846 942 interdicimus.

167 980 244 1041 125.
268 979 342 1041 Alte
358 981 465 1043 animo
479 981 616 1043 infixum
625 980 763 1044 habeant
772 981 950 1044 sacerdotes
961 981 995 1043 in
1007 1001 1124 1043 vanum
1135 1000 1170 1043 se

114 1083 184 1147 sibi
200 1104 374 1165 proponere
386 1086 536 1148 eximiam
551 1086 648 1148 istam
660 1087 810 1149 virtutem
825 1086 991 1160 castitatis,
1005 1083 1170 1147 sacerdotii

115 1187 222 1250 decus
244 1193 276 1250 11
287 1195 521 1265 ornamentum,
534 1189 686 1253 intactam
703 1210 835 1264 servare,
849 1189 958 1252 sicum
969 1188 1168 1264 mulieribus,

115 1291 221 1352 etiam
244 1290 366 1353 devotis
386 1291 519 1354 nimiam
541 1291 816 1366 consuetudinem,
834 1290 953 1353 nedum
974 1291 1168 1353 familiarita-

117 1398 203 1468 tem,
232 1392 333 1456 colere
363 1393 474 1456 velint.
535 1394 691 1469 Quisnam
726 1394 878 1456 Samsone
900 1393 1021 1469 fortior,
1045 1391 1169 1455 Davide

119 1496 274 1572 sanctior,
301 1496 468 1560 Salomone
488 1497 689 1580 sapientior?
732 1496 778 1558 Et
800 1496 874 1579 quia
900 1496 1088 1571 sacerdotes,
1105 1515 1169 1559 non

118 1597 229 1662 solum
251 1598 448 1675 innocentes,
465 1620 575 1662 verum
599 1599 696 1661 etiam
712 1597 752 1660 ab
777 1598 866 1660 omni
892 1598 969 1660 mali
992 1598 1171 1681 suspicione

116 1703 286 1766 immunes
309 1723 379 1765 esse
399 1702 526 1778 debent,
543 1703 675 1765 ancillae
703 1722 783 1785 quae
806 1702 872 1764 illis
892 1703 1088 1777 ministrant,
1106 1702 1173 1765 sint

118 1812 226 1869 aetate
247 1807 467 1888 provectiores,
485 1812 642 1888 spectatae
670 1827 796 1870 morum
818 1806 1007 1882 honestatis,
1034 1811 1067 1868 11
1093 1825 1173 1887 quae

118 1909 205 1973 nulli
219 1911 470 1974 incontinentiae
486 1911 662 1993 suspicioni
676 1911 782 1973 locum
797 1909 944 1992 praebere
959 1909 1094 1990 possint.

169 2013 242 2076 126.
266 2013 385 2076 Nullus
411 2014 567 2096 parochus
581 2013 631 2076 vel
657 2014 791 2077 vicarius
806 2013 940 2074 retineat
955 2013 989 2074 in
1005 2011 1098 2075 domo
1115 2030 1173 2074 sua

121 2118 261 2180 familias
274 2117 416 2180 affinium
432 2124 488 2181 aut
504 2119 820 2200 consanguineorum.
850 2115 942 2192 Quod
958 2117 986 2178 si
1010 2116 1045 2178 in
1060 2115 1170 2179 eadem

123 2220 220 2284 domo
243 2242 318 2284 cum
333 2221 468 2303 parocho
491 2220 636 2283 habitent
658 2221 727 2302 ejus
750 2219 948 2302 coadjutores
975 2239 1031 2280 seu
1053 2218 1172 2296 vicarii,

123 2323 273 2386 volumus
288 2329 325 2386 111
339 2322 469 2405 parochi
494 2323 528 2384 in
543 2323 703 2405 praedicta
718 2322 810 2385 domo
823 2321 911 2383 nullo
931 2320 1024 2383 modo
1040 2340 1173 2382 consan-

123 2429 257 2510 guineas
279 2427 329 2491 vel
361 2427 471 2490 affines
500 2427 644 2510 juniores
681 2426 849 2501 retineant,
880 2425 944 2487 nisi
970 2425 1174 2508 permittente

123 2530 304 2593 Ordinario.

168 2636 243 2700 127.
266 2633 386 2698 Nullus
423 2633 568 2698 sacerdos
597 2633 633 2696 in
658 2634 751 2697 domo
781 2632 935 2696 conducta
971 2637 1027 2694 aut
1055 2632 1175 2716 privata

123 2737 264 2800 resideat
279 2736 398 2818 absque
412 2737 539 2818 praevio
553 2735 707 2817 Episcopi
722 2755 886 2798 consensu.

171 2843 245 2905 128.
270 2841 444 2903 (toritatem
477 2861 549 2903 vero
575 2839 736 2921 imprimis
766 2840 891 2901 foveant
927 2859 990 2921 qua
1022 2845 1174 2922 tanquam

122 2942 275 3026 discipuli
291 2943 412 3006 Christi
424 2941 661 3024 dignoscantur,
676 2941 812 3003 scientes
825 2941 948 3003 fructus
964 2961 1000 3003 1ο
1014 2941 1174 3004 uberiores

120 3068 161 3110 ex
185 3044 346 3109 laboribus
371 3045 439 3107 suis
465 3064 535 3106 esse
561 3048 767 3125 proventuros
794 3062 855 3125 quo
882 3043 1008 3105 arctiori
1030 3042 1116 3124 pacis
1141 3048 1174 3105 11

122 3147 290 3212 charitatis
339 3145 465 3208 vinculo
513 3145 778 3227 adstringuntur:
816 3144 855 3207 ab
888 3142 1170 3207 obtrectationibus

123 3253 256 3318 omnino
281 3251 472 3326 abstineant,
489 3271 547 3312 nec
572 3248 697 3313 invidos
724 3248 796 3312 illos
824 3254 975 3331 spargant
1001 3267 1173 3323 sermones,

122 3353 313 3439 praesertim
328 3373 433 3417 coram
448 3351 537 3414 laicis
552 3351 668 3435 quibus
684 3352 769 3413 fama
784 3356 816 3414 et
837 3351 1030 3413 existimatio
1045 3348 1173 3412 illorum

122 3457 222 3520 etiam
245 3454 357 3517 leviter
379 3454 532 3529 laedatur,
550 3454 605 3536 qui
628 3453 771 3535 ejusdem
794 3453 965 3515 ministerii
995 3457 1070 3514 sunt
1099 3471 1173 3513 con-

124 3564 240 3623 sortes.
284 3557 462 3619 Hortamur
484 3562 520 3618 ut
549 3555 623 3618 lites
645 3560 678 3618 11
707 3554 814 3638 jurgia
836 3555 919 3616 inter
949 3573 982 3616 se
1012 3553 1050 3616 de
1081 3552 1175 3615 rebus

122 3662 264 3748 politicis
276 3662 310 3723 in
322 3660 528 3723 conventibus
539 3659 684 3742 publicis,
697 3665 728 3722 et
740 3659 842 3740 magis
858 3658 960 3720 adhuc
974 3657 1009 3719 in
1021 3657 1105 3720 foliis
1118 3677 1173 3719 seu

125 3761 382 3848 ephemeridibus
402 3761 549 3844 publicis,
567 3782 631 3824 non
646 3761 755 3824 ineant
771 3760 960 3835 sacerdotes,
978 3779 1019 3822 ne
1035 3759 1174 3840 dignitas

127 3867 333 3935 sacerdotalis
345 3867 465 3951 aliquid
480 3866 664 3930 detrimenti
680 3866 792 3949 capiat,
809 3883 850 3927 ne
866 3862 1002 3928 charitas
1017 3864 1081 3942 illa,
1093 3884 1173 3947 quae
