2572 4410
683 326 746 391 192

187 518 273 564 nexu
283 499 371 562 inter
386 518 419 561 se
431 504 545 561 etcum
560 499 624 561 fine
635 496 779 561 hominis
794 499 930 574 ultimo;
946 518 1114 581 nunquam
1126 500 1238 564 tamen

187 602 304 666 idonea
326 601 470 665 redditur
491 600 531 663 ad
545 622 582 664 ea
595 601 816 684 perspicienda
840 602 944 663 instar
957 602 1140 677 veritatum,
1157 623 1238 685 qnae

185 705 354 787 proprium
369 704 472 787 ipsius
484 702 646 786 objectum
655 704 869 767 constituunt.
914 701 1033 766 Divina
1045 705 1134 766 enim
1148 724 1238 787 mys-

184 807 267 870 teria
282 807 396 888 suapte
417 812 534 869 natura
548 806 749 868 intellectum
771 812 914 868 creatum
946 806 992 869 sic
1007 806 1176 882 excedunt,
1199 814 1236 871 nt

183 909 282 972 etiam
305 908 497 971 revelatione
520 908 637 970 tradita
660 908 693 972 et
725 907 787 970 fide
811 909 972 990 suscepta,
996 908 1100 989 ipsius
1123 914 1235 972 tamen

182 1011 258 1074 fidei
272 1011 428 1074 velamine
443 1016 588 1073 contecta
602 1012 634 1074 et
658 1010 793 1092 quadam
814 1011 906 1092 quasi
931 1010 1067 1090 caligine
1081 1010 1235 1075 obvoluta

183 1114 352 1190 maneant,
377 1112 533 1197 quamdiu
547 1113 582 1175 in
604 1110 668 1174 hac
697 1111 914 1187 mortalivita
939 1113 1186 1194 peregrinamur
1212 1133 1233 1177 a

182 1212 344 1279 Domino:
368 1214 546 1300 perfidem
575 1216 664 1278 enim
685 1214 900 1290 ambulamus,
924 1216 957 1279 et
983 1233 1049 1277 non
1078 1236 1136 1297 per
1159 1235 1232 1298 spe-

181 1313 288 1381 ciem.¹

223 1417 345 1483 Verum
353 1419 416 1482 etsi
426 1418 507 1482 fides
523 1421 566 1482 sit
581 1440 677 1502 snpra
691 1421 861 1494 rationem,
870 1418 960 1481 nulla
969 1424 1076 1480 temen
1086 1439 1231 1502 unquam

178 1520 267 1583 inter
281 1521 379 1583 fidem
394 1527 427 1584 et
448 1523 611 1585 rationem
625 1541 700 1585 vera
723 1522 882 1585 dissensio
906 1542 976 1584 esse
1001 1526 1128 1603 potest:
1155 1543 1232 1586 cum

177 1618 264 1683 idem
275 1619 375 1697 Deus,
392 1623 448 1705 qui
467 1622 621 1702 mysteria
641 1621 760 1684 revelat
780 1627 813 1684 et
836 1621 933 1683 fidem
945 1621 1099 1696 infundit,
1116 1623 1230 1686 animo

176 1719 320 1787 humano
336 1725 470 1789 rationis
481 1723 771 1800 lumenindiderit3
788 1722 878 1786 Deus
890 1729 999 1786 autem
1014 1742 1129 1805 negare
1146 1726 1230 1807 seip-

176 1844 250 1889 sum
272 1844 338 1888 non
361 1828 478 1909 possit,
506 1845 567 1889 nec
589 1845 795 1890 verumvero
825 1844 968 1908 unquam
999 1825 1228 1890 contradicere.

173 1923 288 1991 Inanis
297 1935 405 1992 autem
415 1928 513 2012 hujus
528 1929 790 1992 contradictionis
801 1929 922 2012 species
935 1926 1011 1989 inde
1023 1925 1230 2010 potissimum

173 2031 285 2105 oritur,
303 2031 389 2114 quod
403 2031 454 2094 vel
476 2029 552 2094 fidei
576 2029 728 2114 dogmata
752 2031 795 2094 ad
821 2036 963 2094 mentem
986 2026 1154 2092 Ecclesiae
1177 2032 1229 2093 in-

170 2131 297 2195 tellecta
312 2135 344 2197 et
359 2135 503 2216 exposita
529 2153 597 2197 non
611 2135 742 2210 fuerint,
760 2133 811 2196 vel
827 2133 1018 2215 opinionum
1043 2145 1229 2198 commenta

171 2253 231 2317 pro
246 2236 380 2298 rationis
396 2237 499 2299 effatis
514 2235 702 2299 habeantur.
748 2237 887 2298 Omnem
898 2235 999 2317 igitur
1010 2235 1229 2298 assertionem

171 2337 302 2401 veritati
326 2337 528 2402 illuminatae
554 2339 629 2401 fidei
653 2339 845 2402 contrariam
866 2337 999 2400 omnino
1023 2335 1139 2398 falsam
1155 2357 1229 2400 esse

172 2435 373 2502 11111111111111.Β
427 2441 525 2503 Porro
549 2440 707 2518 Ecclesia,
739 2461 820 2523 quae
852 2459 918 2502 una
946 2458 1020 2500 cum
1050 2439 1228 2519 apostolico

171 2557 308 2603 munere
323 2538 470 2617 docendi,
487 2543 680 2606 mandatum
696 2543 815 2626 accepit
830 2541 905 2605 fidei
916 2540 1101 2623 depositum
1115 2548 1224 2605 custo·

170 2639 290 2716 diendi,
303 2643 359 2724 jus
374 2643 474 2704 etiam
490 2650 522 2706 et
537 2645 678 2708 officinm
701 2645 857 2708 divinitus
872 2641 970 2705 habet
992 2641 1066 2705 falsi
1081 2645 1227 2707 nominis

170 2743 340 2806 scientiam
369 2744 602 2826 proscribendi,
626 2768 668 2810 ne
699 2748 772 2829 quis
798 2746 976 2827 decipiatur
997 2763 1055 2827 per
1080 2743 1227 2827 philoso-

168 2842 296 2927 phiam,
341 2852 374 2909 et
431 2847 561 2912 inanem
604 2845 789 2911 fallaciam.³
854 2848 1057 2929 Quapropter
1101 2866 1216 2911 omnes

167 2945 338 3011 christiani
349 2946 462 3012 fideles
473 2947 662 3033 hujusmodi
676 2952 858 3033 opiniones,
874 2968 955 3032 quae
971 2949 1046 3011 fidei
1061 2947 1227 3013 doctrinae

166 3051 344 3114 contrariae
381 3071 453 3114 esse
489 3060 737 3135 cognoscuntur,
769 3054 910 3116 maxime
945 3053 973 3115 si
1003 3050 1043 3114 ab
1075 3049 1226 3116 Ecclesia

165 3153 355 3236 reprobatae
390 3152 521 3231 fuerint,
558 3176 626 3220 non
664 3157 771 3221 solum
819 3154 1031 3238 prohibentur
1065 3161 1225 3237 tanquam

164 3257 327 3340 legitimas
342 3260 493 3322 scientiae
514 3260 737 3324 conclusiones
760 3257 943 3334 defendere,
962 3257 1018 3321 sed
1034 3277 1092 3341 pro
1108 3258 1227 3320 errori·

164 3358 226 3423 bus
239 3362 359 3443 potius,
377 3362 433 3445 qui
447 3361 594 3426 fallacem
616 3363 760 3427 veritatis
784 3358 923 3447 speciem
944 3379 1020 3445 prae
1044 3379 1078 3424 se
1101 3360 1219 3436 ferant,

163 3461 283 3525 habere
298 3469 451 3528 tenentur
466 3466 611 3528 omnino.

206 3564 319 3648 Neque
340 3567 446 3631 solum
461 3567 541 3631 fides
562 3569 594 3632 et
608 3568 695 3652 ratio
715 3569 801 3631 inter
816 3587 851 3631 se
870 3567 1026 3630 dissidere
1049 3586 1222 3651 nunquam

163 3675 311 3749 possunt,
329 3668 385 3732 sed
410 3689 504 3753 opem
520 3690 646 3754 quoque
659 3672 719 3734 sibi
734 3673 883 3735 mutuam
906 3670 1025 3748 ferunt,
1043 3691 1118 3735 cnm
1133 3679 1221 3737 reeta

248 3813 256 3848 ¹
269 3816 285 3863 2
297 3814 353 3865 Gor.
362 3830 386 3866 v.
398 3819 422 3865 7.
530 3816 630 3867 ”Cone
641 3819 696 3866 Lat.
708 3818 738 3865 V.
752 3817 829 3866 Bulla
839 3819 979 3881 Apostoltcc'
991 3820 1130 3881 cenimina.

591 3893 603 3927 ⁸
615 3893 712 3946 Coloss.
722 3893 748 3944 ii
765 3897 788 3944 8.
