2572 4410
413 817 806 906 APPENDIX
861 817 976 904 XV.

531 999 596 1072 [aa
603 1016 667 1071 pay.
681 999 743 1066 101,
753 1015 779 1052 a.
793 999 868 1071 rea]

544 1585 856 1664 QUAESTIONES

251 1729 335 1791 PRO
370 1729 620 1791 RELATIONE
656 1732 714 1790 AD
752 1732 784 1791 S.
826 1729 1042 1799 GONGREG.
1085 1731 1149 1792 DE

464 1841 760 1905 ‘PROPAGANDA
800 1843 916 1903 FIDE.

214 2032 243 2096 1.
266 2027 507 2114 Exprimantnr
521 2045 654 2108 nomen,
670 2027 770 2104 aetas,
781 2026 890 2110 patria
904 2023 1072 2111 Episcopi,
1084 2027 1118 2092 ot
1131 2029 1232 2094 etiam

174 2131 379 2209 institutum,
396 2133 425 2197 si
440 2129 483 2198 sit
497 2129 682 2214 Regularis.

216 2237 249 2304 2.
274 2235 476 2319 Ammituda
493 2240 526 2298 et
541 2233 685 2317 qualitas
700 2227 879 2296 Dioecesis.

215 2341 247 2404 3.
270 2337 310 2401 In
327 2359 388 2421 qua
403 2337 572 2402 Provincia
587 2337 640 2411 sit,
654 2335 707 2400 vel
722 2339 799 2419 quot
813 2335 998 2400 Provincias
1012 2334 1191 2402 contineat.

214 2441 247 2503 4.
273 2439 310 2506 Si
323 2440 471 2505 Ecclesia
486 2441 529 2504 sit
549 2435 851 2521 Arehiepiscopalis,
869 2444 960 2521 quot,
977 2439 1010 2501 et
1032 2437 1149 2518 quales
1172 2439 1233 2504 ha·

171 2542 247 2608 boat
260 2544 487 2626 suffraganeos
499 2566 509 2621 ;
534 2542 648 2606 sivero
659 2537 1235 2629 Episcopalis,eujusArohiepiscopi

112 2669 118 2679 ·
170 2645 215 2712 sit
231 2645 447 2729 suffraganea.

215 2748 246 2811 ὅ.
275 2746 327 2812 An
343 2748 462 2811 habeat
477 2744 710 2823 cathedralem,
727 2746 760 2809 et
774 2747 939 2829 propriam
953 2744 1180 2825 residentiam,
1198 2751 1234 2815 et

167 2846 205 2914 in
220 2868 285 2932 qna
300 2850 452 2914 Ciuitate.

214 2952 247 3016 6.
271 2953 325 3016 An
339 2952 524 3035 Episcopus
539 2948 658 3016 habeat
673 2948 844 3016 facultates
862 2951 1015 3035 speciales
1036 2973 1055 3015 a
1074 2951 1106 3016 S.
1133 2951 1232 3033 Sede,

169 3057 202 3122 et
218 3076 309 3139 quas.

213 3162 243 3227 7.
265 3158 318 3222 An
334 3156 450 3221 habeat
472 3153 598 3221 reditus
619 3157 779 3239 proprios,
797 3157 884 3239 quot,
900 3161 934 3220 et
952 3153 988 3220 in
1011 3175 1077 3239 quo
1101 3159 1232 3225 consis-

167 3262 255 3326 tunt.

216 3365 246 3428 8.
269 3361 515 3428 Enumerantur
529 3361 598 3425 loca
611 3358 788 3440 Dioeoesis,
805 3367 838 3426 et
852 3362 1153 3446 eorumrespeetive
1163 3361 1230 3431 dis·

167 3462 284 3531 tantia.

215 3569 247 3632 9.
272 3567 405 3644 Quando
427 3563 581 3633 Visitatio
601 3563 766 3632 Dioecesis
792 3564 891 3632 suerit
916 3573 1160 3651 peractarum
1183 3570 1230 3634 ad

165 3665 317 3737 tramites
331 3666 621 3753 praescriptionum
636 3667 869 3734 canonicarum.

218 3772 272 3832 10.
295 3770 431 3847 Quando
446 3771 536 3836 Prov.
552 3791 587 3834 ao
601 3769 703 3835 dioec.
751 3770 876 3855 Synodi
890 3773 1009 3839 fuerint
1024 3771 1164 3840 habitae.

217 3872 270 3935 11.
293 3871 346 3934 An
361 3892 419 3955 pro
435 3874 585 3938 exercitio
596 3872 832 3958 jurisdictionis
847 3872 956 3959 aliqua
970 3876 1133 3943 inferatur
1155 3897 1227 3943 mo·

166 3970 264 4038 lestis
278 3973 317 4039 ab
331 3974 506 4059 Episcopis
521 3977 683 4042 finitimis.
