2572 4410
564 402 567 406 .
643 347 665 412 ὅ

147 522 308 606 praemissis
322 539 380 605 per
394 540 600 606 quoscunque
621 518 748 606 judices
762 519 940 586 ordinarios
954 527 987 586 et
1003 521 1176 608 delegatos,

142 625 224 689 etiam
247 642 418 689 causarum
432 621 550 688 Palatii
571 621 748 708 Apostoliei
765 620 946 700 Auditores,
965 624 1056 689 Sedis
1074 625 1178 710 Apos-

136 727 236 792 tolleae
251 725 406 803 Nuncios,
422 746 459 790 ac
476 725 611 790 Sanctae
627 725 790 791 Romanae
804 725 967 791 Ecclesiae
982 726 1176 806 Cardinales,

131 831 220 894 etiam
247 829 286 893 de
307 827 424 892 Latere
448 825 599 912 Legatos,
625 826 750 892 sublata
772 827 831 904 eis,
847 833 880 891 et
903 849 1013 893 eorum
1034 830 1175 909 cuilibet,

125 934 234 1018 quavis
249 932 343 996 aliter
356 931 532 1013 judicandi,
543 936 575 995 et
589 929 821 1014 interpretandi
841 931 1002 1009 facultate,
1019 939 1052 996 et
1069 940 1177 999 aucto·

122 1034 227 1112 ritate,
248 1032 389 1117 judicari
409 1039 441 1097 et
465 1032 593 1098 definiri
613 1033 738 1110 debere,
755 1054 791 1096 ac
813 1033 951 1110 irritum,
969 1040 1002 1097 et
1024 1035 1129 1112 inane,
1147 1037 1177 1100 si

120 1157 216 1203 secus
228 1156 327 1220 super
336 1136 390 1200 his
405 1157 424 1201 a
438 1157 609 1221 quoquam,
624 1136 737 1219 quavis
749 1136 947 1213 auctoritate,
962 1137 1110 1215 scienter,
1123 1139 1175 1203 vel

119 1242 307 1326 ignoranter
327 1239 497 1324 contigerit
520 1239 682 1302 attentari.
727 1238 802 1301 Non
816 1237 1019 1304 obstantibus
1040 1240 1175 1324 Aposto-

118 1344 203 1421 licis,
220 1343 300 1406 acin
315 1341 560 1418 universalibus,
576 1340 898 1425 provincialibusque,
910 1348 943 1405 et
960 1342 1175 1425 Synodalibus

119 1445 277 1510 Conciliis
286 1444 393 1520 editis,
405 1443 608 1527 generalibus
617 1443 668 1507 vel
678 1442 1174 1527 specialibusconstitutionibus,

119 1553 153 1612 et
184 1545 454 1623 ordinationibus,
484 1547 626 1621 statutis,
658 1545 960 1622 consuetudinibus,
996 1548 1176 1633 privilegiis

118 1668 248 1735 quoque
263 1649 411 1726 indultis,
428 1654 462 1713 et
475 1649 599 1713 Litoris
614 1648 810 1733 Apostolieis
825 1650 859 1712 in
874 1651 1069 1713 contrarium
1083 1669 1173 1734 prae·

118 1754 295 1817 missorum
303 1751 542 1836 quomodolibet
556 1752 727 1828 concessis,
739 1753 945 1830 confirmatis,
960 1753 993 1817 et
1003 1754 1173 1831 innovatis,

118 1855 240 1940 quibus
262 1855 413 1919 omnibus
436 1855 468 1919 et
491 1855 629 1937 singulis
643 1854 776 1919 illorum
798 1856 928 1920 tenores
949 1857 1176 1939 praesentibus

117 1979 176 2043 pro
189 1957 296 2042 plene,
313 1964 347 2021 et
363 1955 556 2022 sufficienter
571 1957 741 2041 expressis,
759 1978 794 2021 ac
810 1957 848 2021 de
863 1958 966 2035 verbo,
983 1959 1024 2022 ad
1045 1960 1178 2024 verbum

118 2061 251 2125 insertis
266 2060 433 2137 habentes,
449 2060 515 2124 illis
530 2060 609 2125 alias
624 2061 659 2123 in
675 2081 733 2125 suc
748 2060 858 2125 robore
884 2061 1113 2144 permansuris,
1137 2061 1178 2124 ad

118 2163 370 2248 praemissorum
385 2163 533 2227 effectum
548 2162 608 2226 hac
630 2163 697 2226 vice
712 2163 869 2227 duntaxat
884 2161 1062 2246 specialiter
1076 2168 1109 2225 et
1123 2184 1176 2227 ex·

117 2287 227 2351 presse
265 2265 467 2349 derogamus,
505 2266 683 2351 ceterisque
713 2265 882 2330 contrariis
920 2261 1175 2348 quibuscunque.

117 2366 278 2434 Volumus
304 2374 423 2445 autem,
440 2368 477 2433 ut
500 2369 719 2452 praesentium
745 2369 928 2431 Literarum
952 2370 1175 2450 transumptis,

117 2492 175 2536 seu
213 2471 371 2552 exemplis
406 2471 505 2534 etiam
541 2471 720 2555 impressis,
751 2491 850 2533 manu
881 2468 1018 2551 alicujus
1047 2469 1175 2535 Notarii

116 2573 240 2659 publici
270 2573 470 2658 subscriptis,
501 2580 534 2638 et
565 2573 670 2657 sigillo
707 2594 859 2658 personae
888 2571 1116 2637 Ecclesiastica
1140 2574 1175 2636 in

115 2675 277 2759 dignitate
301 2677 494 2740 constitutae
519 2676 668 2751 munitis,
695 2676 806 2739 eadem
829 2695 959 2760 prorsus
984 2675 1063 2737 fides
1086 2675 1175 2739 adhi-

114 2777 231 2842 beatur
246 2798 326 2861 quae
341 2777 548 2843 adhiberetur
562 2779 643 2863 ipsis
658 2779 893 2864 praesentibus,
909 2778 938 2841 si
958 2777 1062 2841 forent
1084 2775 1177 2842 exhi-¹

114 2880 216 2960 bitae,
232 2880 283 2944 vel
299 2881 457 2946 ostensae.

158 2983 283 3046 Datum
298 2983 417 3046 Romae
432 2983 517 3067 apud
534 2983 689 3047 Sanctum
704 2982 837 3048 Petrum
854 2981 914 3045 sub
929 2981 1048 3045 annulo
1063 2981 1170 3046 Pisca-

114 3085 197 3151 toris
212 3083 265 3150 die
280 3108 345 3148 xxx
359 3085 440 3150 Maii
454 3104 675 3150 uncccnxmrr.
721 3085 932 3151 Pontificatus
947 3084 1058 3148 Nostri
1079 3085 1174 3148 Anno

114 3187 430 3271 Vicesimoseptimo.

745 3291 786 3357 F.
810 3292 912 3356 Gran.
935 3288 1128 3365 Asoumrus.

159 3496 231 3543 1100.
246 3486 277 3549 >1⁴
289 3496 352 3543 sm.

159 3696 404 3764 Venerabilibus
418 3697 586 3765 Fratribus
601 3699 859 3782 Archiepisccpis
878 3699 975 3783 atque
1000 3697 1173 3782 Episcopis

113 3797 292 3864 Hiberniae
322 3802 468 3886 gretiam,
500 3808 533 3866 et
562 3803 818 3867 communionem
849 3799 942 3866 Sedis
970 3800 1172 3884 Apostolicae

114 3901 324 3970 habentibus.
