2572 4410
681 301 724 366 38

179 501 243 544 non
265 478 374 553 fuisse,
399 475 481 539 sicut
503 475 565 539 tria
588 473 699 557 Capita
720 474 835 557 priora,
851 472 889 537 ab
913 472 1062 539 omnibus
1084 473 1226 558 Deputa-

180 581 279 645 tionis
304 576 457 642 membris
484 577 651 642 sancitum.
698 576 817 640 Contra
838 597 910 639 vero
932 577 1028 639 Illffio
1054 583 1085 640 et
1107 576 1229 640 Revffio

180 684 339 766 Episcopo
360 679 548 755 Ossoriensi,
564 679 788 761 Deputationis
808 679 961 756 Praesidi,
977 680 1083 743 visum
1097 686 1146 742 θεὴ
1166 677 1230 741 hoc

181 787 295 868 Caput,
311 783 397 847 haud
412 802 502 845 secus
518 802 553 844 ac
568 787 689 845 caetera
707 780 864 864 placuisse
885 781 1103 864 Deputationi,
1127 783 1229 845 omni·

181 889 242 951 bus
256 893 379 970 praeter
393 886 500 967 ipsum
510 884 707 966 Episcopum
718 881 897 946 Midensem
911 883 993 946 illud
1007 882 1228 966 probantibus.

224 988 435 1071 Interrogabis
460 986 520 1049 hac
545 985 584 1048 de
609 1006 642 1048 re
668 986 893 1068 Deputationis
920 984 1103 1069 Theologis,
1126 1006 1231 1070 neque

144 1103 147 1108 '
179 1093 265 1155 inter
277 1111 311 1153 se
326 1086 616 1166 consentientibus;
640 1088 804 1170 proposuit
814 1088 994 1171 Episcopus
1010 1087 1230 1170 Oorcagiensis

107 1198 110 1205 '
182 1201 219 1258 ut
248 1192 310 1256 hoc
333 1192 437 1274 Caput
466 1190 506 1253 ad
532 1190 780 1272 Deputationem
809 1191 1032 1253 remitteretur.
1090 1189 1231 1270 Quidam

183 1302 291 1359 autem
305 1294 416 1357 Patres
432 1298 623 1356 censuerunt
637 1313 704 1355 rem
725 1298 827 1355 totam
849 1293 1045 1355 referendam
1065 1293 1106 1355 ad
1120 1293 1230 1356 Priva-

182 1406 250 1461 tam
286 1397 518 1480 Episcoporum
548 1393 842 1478 Congregationem.
888 1394 938 1457 Ad
968 1395 1118 1478 suffragia
1155 1415 1230 1458 cum

183 1504 314 1563 ventum
328 1505 378 1561 est
393 1496 629 1581 quatuordecim
640 1518 679 1559 ex
690 1502 822 1581 utraque
833 1503 922 1579 parte
932 1496 1042 1560 Patres
1057 1503 1229 1562 steterunt.

185 1600 275 1664 Tunc
305 1600 436 1663 Praeses
465 1600 569 1663 Einus
598 1596 690 1681 cujus
713 1605 789 1670 emt,-
807 1599 996 1682 suffragium
1018 1599 1230 1664 decretorium

184 1708 274 1779 terre,
291 1703 405 1767 statuit
420 1701 524 1784 Caput
537 1699 735 1764 referendum
751 1721 821 1764 esse
841 1701 881 1763 ad
897 1693 1065 1767 'Privatam
1090 1702 1229 1785 Congre-

185 1807 345 1889 gationem
359 1804 599 1887 Episcoporum.

228 1909 322 1972 Dicta
337 1907 477 1971 oratione
493 1906 701 1989 congregatio
715 1906 813 1969 finem
828 1907 959 1990 accepit.

542 2144 872 2155 -..--.--......

327 2307 643 2375 OONGREGATIO
666 2309 858 2374 PRIVATA
884 2308 1099 2375 SECUNDA.

230 2429 355 2493 Eodem
378 2429 430 2491 die
458 2427 538 2492 hora
560 2420 698 2492 secunda
721 2451 793 2493 cum
818 2430 950 2493 dimidio
972 2436 1044 2512 post
1066 2429 1233 2494 meridiem

189 2536 401 2595 convenerunt
416 2528 527 2593 Patres
542 2551 615 2593 cum
630 2530 827 2595 officialibus.

235 2631 412 2696 Perlectum
437 2638 486 2694 est
509 2653 527 2694 a
550 2633 722 2696 Secretario
752 2632 881 2698 schema
896 2633 934 2697 de
949 2631 1039 2710 Fide,
1056 2639 1094 2698 ut
1109 2634 1233 2711 Patres,

189 2736 354 2818 perpensis
377 2739 409 2798 et
429 2734 571 2799 excussis
594 2732 813 2819 theologorum
833 2737 1169 2812 animadversionibus,
1194 2737 1236 2800 de

190 2837 327 2921 singulis
356 2837 498 2901 articulis
527 2837 717 2900 sententiam
746 2839 874 2901 ferrent.
921 2839 1115 2922 Suggerente
1147 2839 1236 2902 Erbo

192 2939 349 3016 Praeside,
365 2947 397 3003 et
412 2939 626 3004 annuentibus
641 2940 800 3016 omnibus,
817 2947 975 3005 statutum
987 2948 1045 3017 est,
1063 2947 1100 3004 ut
1122 2940 1238 3005 Patres

191 3047 263 3106 vota
278 3062 336 3107 sua
351 3043 507 3125 surgendo
522 3043 746 3125 significarent,
762 3043 808 3106 ita
823 3049 860 3106 ut
882 3050 1046 3127 surgerent
1061 3044 1163 3126 primo
1179 3045 1239 3126 qui

191 3151 314 3228 partem
343 3144 560 3222 affirmantem,
591 3144 714 3221 deinde,
745 3145 774 3208 si
802 3146 997 3230 quiessent,
1028 3146 1083 3229 qui
1111 3151 1240 3228 partem

191 3255 360 3330 negantem
374 3254 532 3312 tenerent.
574 3247 637 3328 Qui
650 3248 763 3312 modus
778 3248 890 3330 agendi
905 3249 1001 3312 etiam
1012 3249 1046 3310 in
1059 3248 1241 3331 Congrege-

192 3350 334 3415 tionibus
349 3350 553 3436 sequentibus
566 3350 756 3415 servabatur.
801 3351 841 3414 In
853 3351 947 3415 rebus
958 3372 1030 3415 vero
1040 3350 1242 3433 gravioribus

194 3453 392 3537 singulorum
408 3451 558 3537 suffragia
579 3453 785 3537 exquirebant
808 3453 974 3518 Secretarii
999 3459 1030 3516 et
1056 3453 1090 3515 in
1110 3449 1242 3517 tabulas

192 3554 379 3621 referebant.
1194 3554 1203 3571 ’

237 3657 308 3722 Hac
322 3660 453 3735 ratione,
467 3655 657 3743 quibusdam
672 3658 814 3722 articulis
830 3658 1029 3743 aliquatenus
1044 3657 1240 3734 immutatis,

195 3761 297 3842 capita
311 3762 373 3825 duo
387 3761 491 3845 priora
501 3761 597 3825 simul
609 3768 640 3824 et
652 3767 745 3844 caput
760 3762 890 3824 tertium
902 3760 1052 3845 usquead
1067 3760 1241 3824 articulum

195 3862 415 3942 conclusive,
432 3865 559 3929 nemine
570 3863 786 3941 dissentiente,
804 3864 915 3928 Patres
930 3862 1149 3947 probaverunt.
