2572 4410
562 373 626 443 131

102 552 179 616 321.
202 549 250 614 111
262 548 363 632 igitur
377 545 480 630 magis
491 544 828 630 magisqueinspiritu
839 544 1071 628 intelligentiae
1082 568 1119 612 ac

10 662 13 705 Ι
60 653 187 738 pietatis
215 650 386 734 proficiant
410 649 446 713 in
472 646 542 711 dies
567 645 818 711 Seminariorum
844 646 979 724 alumni,
1004 667 1117 713 omnes

60 751 291 817 catechismum
318 747 429 814 sedulo
454 748 631 825 addiscunt,
653 755 686 814 et
712 751 851 835 singulis
875 752 1057 816 Dominicis
1083 759 1116 817 11

59 856 149 920 festis
165 854 205 918 de
219 857 393 937 praecepto,
407 850 520 916 diebus
532 857 709 935 opportune
720 853 756 917 in
771 852 866 918 rebus
896 852 937 917 ad
956 852 1054 918 fidem
1068 855 1118 919 vel

58 979 165 1023 mores
200 955 439 1041 pertinentibus
470 957 684 1021 instruantur.
742 957 934 1024 Praesertim
970 980 1047 1023 vero
1077 959 1118 1024 ad

59 1058 155 1123 ssffii
167 1056 282 1122 Cordis
296 1055 319 1119 J
320 1075 378 1119 esu
393 1054 517 1119 cultum
532 1059 565 1118 et
590 1054 631 1119 ad
644 1057 853 1121 tenerrimam
868 1077 943 1139 erga
957 1057 1116 1120 Immacu-

53 1163 158 1228 latum
171 1163 234 1226 Dei
248 1161 396 1235 Matrem,
412 1159 589 1224 Hiberniae
611 1160 783 1225 Patronam
805 1167 838 1226 et
856 1161 989 1226 Sanctos
1004 1181 1117 1225 omnes

54 1267 260 1332 devotionem
303 1265 427 1347 jugiter
463 1263 682 1340 efformentur,
734 1285 859 1328 necnon
903 1264 944 1329 ad
977 1285 1118 1329 amorem

49 1370 224 1436 Ecclesiae
250 1376 283 1434 11
315 1370 464 1454 Supremi
492 1370 596 1453 ipsius
626 1369 762 1453 Capitis,
802 1370 926 1435 Christi
959 1371 994 1435 in
1023 1371 1118 1434 terris

50 1472 179 1537 Vicarii
194 1479 226 1537 et
243 1473 273 1537 S.
284 1474 373 1536 Petri
390 1472 599 1550 successoris,
613 1473 751 1536 Romani
765 1471 943 1546 Pontificio.
988 1473 1117 1536 Praxim

50 1575 215 1640 orationis
235 1574 397 1650 mentalis,
415 1593 473 1638 seu
488 1574 718 1651 meditationis,
735 1574 847 1647 sedulo
861 1573 1064 1653 edoceantur,
1081 1582 1119 1640 ut

52 1699 78 1742 a
107 1677 222 1761 primis
238 1679 331 1742 annis
356 1677 472 1761 spiritu
498 1677 652 1741 orationis
666 1677 871 1762 impleantur.
926 1681 1119 1765 Saepissime

53 1782 160 1846 etiam
174 1781 361 1846 cohortandi
376 1785 463 1858 sunt,
479 1780 667 1864 praesertim
683 1787 791 1845 autem
805 1782 894 1847 hisce
909 1783 1117 1867 temporibus,

53 1883 188 1966 quando
210 1883 476 1966 intemperantiae
498 1883 614 1947 vitium
640 1889 708 1946 tam
723 1892 899 1967 grassatur,
923 1893 962 1951 ut
984 1887 1119 1950 mortifi-

56 1987 219 2050 cationem
234 1985 314 2047 Jesu
338 2003 463 2067 semper
489 1984 524 2047 in
551 1984 736 2068 corporibus
752 1985 821 2048 suis
847 1985 1116 2060 circumferentes,

55 2092 97 2154 in
136 2088 285 2152 omnibus
307 2088 538 2171 temperantiae
569 2094 602 2152 et
623 2088 799 2153 modestiae
831 2089 995 2165 studeant,
1020 2093 1053 2151 11
1082 2090 1117 2152 in

58 2193 212 2258 omnibus
228 2191 351 2255 Christi
364 2191 469 2253 bonus
483 2190 561 2255 odor
575 2191 666 2254 fiant·
710 2191 799 2258 Hinc
814 2191 1008 2273 sperandum
1023 2191 1115 2265 foret,

62 2300 132 2360 “ut
152 2296 250 2359 ineis
272 2316 346 2358 cum
374 2299 477 2356 aetate
498 2293 582 2357 vitae
612 2292 765 2356 meritum
787 2298 820 2354 11
842 2292 987 2356 doctrina
1016 2293 1118 2375 major

61 2404 84 2433 “
97 2397 356 2482 accrescat,quod
368 2397 568 2461 othonorum
578 2417 703 2460 momm
712 2395 906 2479 exemplum,
915 2401 946 2459 et
952 2395 1118 2461 assiduum

61 2507 84 2536 “
94 2505 131 2568 in
145 2503 291 2567 Ecclesia
305 2501 534 2577 ministerium,
551 2505 647 2584 atque
661 2495 763 2581 major
784 2520 859 2582 erga
873 2501 1072 2584 presbyteros
1087 2505 1120 2564 et

62 2607 279 2690 “superiores
303 2603 431 2668 ordines
454 2604 639 2681 reverentia,
662 2608 694 2666 11
720 2601 868 2680 crebrior,
890 2623 986 2687 quam
1013 2610 1118 2680 antea,

62 2711 251 2795 “Corporis
281 2708 404 2774 Christi
435 2707 627 2772 Communio
663 2706 803 2771 maxime
836 2706 1119 2791 comprobabunt.'’

62 2811 177 2890 (Conc.
193 2810 281 2873 Trid.
298 2810 384 2873 Sese.
399 2808 486 2871 xxiii.
502 2807 541 2872 de
556 2807 698 2872 Reform.
715 2809 793 2894 Cap.
809 2810 857 2890 ii.)

108 2916 184 2980 322.
207 2914 248 2978 In
270 2912 468 2988 Seminariis,
490 2913 525 2975 in
540 2910 657 2995 quibus
671 2912 816 2995 juniores
831 2912 936 2977 clerici
959 2934 1120 2978 unacum

61 3018 155 3083 laicis
193 3016 379 3093 educantur,
402 3015 585 3098 Episcopus
606 3014 774 3098 invigilare
803 3016 908 3095 debet,
935 3019 1052 3098 utqui
1080 3017 1121 3081 ad

63 3140 195 3186 sacrum
231 3119 449 3183 ministerium
486 3121 563 3182 sunt
597 3116 750 3180 destinati
790 3119 1059 3183 instructionibus
1088 3123 1121 3182 et

62 3223 226 3300 exercitiis
247 3221 379 3306 pietatis
405 3219 535 3304 speciali
552 3219 690 3304 quadam
704 3220 828 3286 ratione
852 3220 892 3285 ad
918 3222 1120 3306 disciplinam

63 3327 314 3392 ecclesiasticam
337 3325 553 3388 efformentur.

107 3431 184 3496 323.
209 3427 300 3506 Quod
315 3427 355 3492 ad
368 3427 474 3491 studia
485 3433 592 3491 autem
603 3428 729 3504 attinet,
743 3427 870 3511 expedit
882 3430 960 3492 utin
971 3413 1120 3496 omnibus

62 3533 219 3616 Collegiis
229 3536 262 3595 et
277 3530 466 3594 Seminariis
477 3550 590 3594 cursus
601 3529 715 3594 saltem
724 3529 764 3593 ad
776 3531 963 3595 Rhetorices
974 3533 1120 3610 classem,

61 3635 233 3709 inclusive,
257 3633 292 3695 in
325 3636 483 3716 quantum
509 3632 579 3694 fieri
600 3636 719 3716 potest,
743 3631 939 3696 extendatur.
1000 3634 1122 3701 Curent

62 3746 173 3805 autem
195 3737 360 3820 Episcopi,
376 3736 462 3799 utin
493 3735 672 3820 disciplinis
694 3735 858 3800 tradendis
881 3757 977 3819 quam
999 3738 1121 3820 optima

64 3847 210 3909 servetur
232 3837 417 3913 methodus,
434 3841 467 3900 et
490 3843 528 3901 ut
550 3836 776 3901 aemulationis
798 3843 833 3902 et
863 3836 963 3902 studii
987 3841 1120 3922 spiritus

63 3951 151 4014 inter
165 3945 337 4029 magistros
352 3948 385 4008 et
399 3941 547 4008 alumnos
569 3943 692 4028 jugiter
713 3943 865 4023 foveatur,
882 3943 929 4007 ita
943 3949 981 4010 ut
1001 3945 1122 4029 singuli

1011 4051 1034 4094 n
