2572 4410
607 314 671 380 116
710 388 714 394 ,

575 482 704 546 ΧΧΠΙ.

463 647 507 692 nn
522 647 609 691 16116
623 625 835 692 nnnrerosrs.l

160 767 230 843 Quo
241 767 345 849 magis
354 765 522 850 magisque
532 765 676 848 religiosi
688 754 1026 829 ordinesinHibernia
1036 763 1176 829 floreant

114 875 150 932 et
178 869 311 933 feliciori
339 869 446 932 fructu
475 867 656 932 Ecclesiam
681 872 826 951 nostram
851 865 957 930 ditent
982 872 1015 929 ct
1043 873 1173 944 ornent,

115 973 208 1036 enixe
229 971 395 1037 hortamur
409 978 447 1036 ut
470 973 650 1055 superiores
664 970 873 1054 Regularium
895 975 1067 1054 sequentes
1087 970 1174 1035 ordi.

116 1077 262 1140 nationes
276 1098 296 1139 6
310 1077 378 1141 suis
393 1075 532 1140 subditis
547 1076 705 1140 observari
720 1074 892 1158 diligenter
907 1079 1028 1139 curent

159 1179 230 1241 224.
254 1179 302 1242 Ut
331 1177 543 1262 Regularibus
570 1177 772 1242 visitationes
808 1177 928 1240 otiosae
956 1177 993 1240 in
1023 1175 1174 1240 1161611166

113 1280 244 1363 privatis
258 1280 500 1344 interdicantur.

160 1384 232 1445 225.
256 1384 304 1447 Ut
312 1382 391 1446 dnm
402 1383 501 1447 iidem
512 1382 730 1466 quaestuando
738 1382 945 1460 circumeant,
962 1381 1173 1446 Summorum

115 1485 310 1549 Pontificum
325 1486 573 1549 constitutiones
588 1491 732 1548 accurate
748 1490 882 1548 servent

161 1586 237 1650 226.
260 1588 307 1651 Ut
329 1587 437 1650 nullae
458 1608 557 1650 novae
573 1586 731 1650 collectae
746 1587 948 1669 pecuniariae
964 1584 1004 1649 ad
1019 1584 1173 1649 ecclesias

113 1689 324 1754 aedificandas
346 1690 396 1755 vel
417 1690 480 1754 alia
506 1688 694 1773 hujusmodi
715 1711 810 1772 opera
830 1689 1044 1773 promovenda
1065 1709 1086 1752 a
1108 1687 1172 1753 Re·

114 1792 238 1875 ligiosis
253 1793 466 1856 instituentur
481 1793 551 1855 sine
566 1792 727 1855 Ordinarii
736 1791 875 1854 licentia.

158 1894 231 1962 227.
255 1895 302 1958 Ut
316 1894 492 1978 Regulares
504 1915 569 1957 non
580 1898 772 1977 quaestuent
781 1898 869 1956 61116
878 1892 1049 1957 dioecesim
1060 1891 1174 1975 inqua

113 2002 166 2060 est
180 2017 290 2060 eorum
305 2002 482 2060 conventus
496 1997 563 2060 nisi
573 2017 647 2060 cum
662 1995 792 2058 licentia
806 1993 959 2078 Episcopi
972 1995 1045 2058 loci.

158 2103 234 2165 228.
258 2103 305 2166 Ut
320 2106 394 2166 ante
416 2100 528 2166 horam
551 2100 707 2164 decimam
728 2099 979 2184 pomeridianam
997 2097 1120 2182 singuli
1136 2098 1175 2162 in

115 2225 193 2270 snos
208 2212 383 2271 conventus
399 2227 434 2270 se
444 2207 610 2290 recipiant.

158 2311 233 2374 229.
258 2311 305 2374 Ut
320 2311 429 2374 stricte
445 2317 586 2374 servetur
607 2309 781 2373 Instructio
797 2308 832 2373 S.
849 2308 1118 2392 congregationis
1132 2308 1176 2372 de

115 2411 323 2495 Propaganda
351 2408 444 2476 Fide²
473 2434 492 2476 a
523 2413 687 2476 Clemente
717 2412 814 2476 XIII.
845 2411 1018 2497 adprobata
1053 2411 1106 2476 die
1130 2412 1175 2476 16

113 2512 261 2576 Januarii
291 2514 375 2580 1763
406 2513 445 2576 de
460 2535 526 2577 non
548 2514 757 2577 admittendis
773 2515 941 2578 Tertiariis
956 2513 997 2577 ad
1010 2512 1173 2591 habitum,

114 2614 179 2676 nisi
206 2615 341 2677 servetis
366 2614 530 2678 servandis
554 2621 587 2678 61
613 2616 652 2679 de
675 2616 829 2699 Episcopi
854 2613 994 2680 licentia.
1038 2614 1174 2680 Nemini

115 2724 223 2780 autem
237 2718 335 2781 116661
348 2717 497 2782 habitum
520 2719 622 2782 Tertii
644 2720 773 2783 Ordinis
796 2719 925 2802 publice
948 2720 1077 2804 gestare
1101 2722 1174 2785 sine

113 2821 206 2884 venia
220 2820 365 2904 ejusdem
388 2819 560 2887 Ordinarii.
733 2822 737 2829 '

158 2923 233 2987 230.
257 2923 529 3007 Insuper-quoad
556 2925 687 2990 Fratres
724 2926 883 2991 Ordinum
911 2927 1171 2993 Mendicantium

113 3023 318 3088 vehementer
340 3027 488 3109 cupimus
511 3027 595 3110 quod
617 3021 697 3092 dum
724 3035 914 3113 quaestuum
943 3029 1077 3109 faciunt,
1104 3032 1172 3095 6161

112 3128 288 3191 necessitas
303 3129 420 3212 exigat,
436 3135 526 3192 extra
541 3129 634 3193 aedes
649 3132 874 3196 conventuales
889 3153 954 3196 non
969 3139 1170 3217 pernoctent.

157 3229 231 3292 231.
246 3232 423 3314 Regularis
434 3253 500 3296 non
515 3233 663 3297 subditus
674 3235 845 3319 Episcopo,
859 3238 914 3319 qui
928 3237 1014 3300 intra
1029 3237 1171 3301 claustra

113 3336 299 3396 monasterii
314 3335 412 3418 degit,
423 3342 457 3399 et
468 3343 556 3400 extra
571 3339 1171 3426 661166616116116116116111,1116661116

114 3434 261 3499 scandalo
274 3437 327 3512 sit,
337 3436 498 3520 Episcopo
510 3440 662 3516 instante,
674 3461 693 3502 a
704 3461 763 3504 suo
773 3443 936 3526 superiore
945 3444 1031 3506 intra
1039 3449 1172 3528 tempus

114 3533 154 3596 ab
168 3536 328 3622 Episcopo
343 3541 594 3622 praefigendum,
612 3562 717 3606 severe
732 3546 885 3626 puniatur
901 3568 937 3610 66
948 3547 987 3610 de
1002 3547 1173 3630 punitione

113 3635 311 3720 Episcopum
333 3642 497 3703 certiorem
520 3643 635 3706 faciat:
666 3645 717 3707 sin
739 3647 860 3724 minus,
884 3670 903 3711 a
925 3670 984 3713 suo
1007 3651 1172 3731 superiore

112 3736 215 3801 officio
229 3741 382 3822 privetur,
407 3748 440 3805 61
464 3743 652 3826 delinquens
679 3745 718 3809 ab
743 3749 902 3833 Episcopo
928 3752 1037 3835 puniri
1051 3751 1170 3835 possit.

115 3839 227 3916 (0666.
245 3842 333 3905 Trid.
350 3865 427 3907 sess.
442 3867 516 3910 xxv.
533 3868 561 3910 6.
580 3848 620 3910 14
636 3848 676 3912 de
691 3850 785 3932 Reg.)

168 3952 249 4002 ¹Vide
262 3956 378 4018 Append.
389 3960 460 4008 xlx.
472 3977 530 4024 pag.
543 3961 600 4011 301.
688 3962 772 4014 ²Vide
783 3966 900 4030 Append.
911 3969 966 4021 XX.
980 3985 1039 4033 pag.
1051 3972 1110 4019 306
