2572 4410
625 322 667 387 52

123 490 267 576 ejusdem
290 492 551 576 Congregationis
568 495 696 561 Sorores
711 519 886 565 conversas.
932 498 1035 580 Quem
1056 507 1168 565 tamen

121 594 293 658 articulum
308 616 381 658 curn
395 617 461 660 non
483 598 599 661 fuisset
613 599 648 661 in
671 599 887 685 Deputatione
909 603 947 666 dc
969 605 1168 668 Moniab'bua

122 692 262 760 exainini
277 697 473 762 submissum
484 700 540 763 sed
551 700 591 763 ab
602 701 707 766 aliena
717 724 814 767 manu
828 705 983 769 schemati
994 707 1167 790 adjectum,

122 820 195 862 eum
209 820 274 863 non
289 821 358 864 esse
372 802 406 863 in
422 801 672 886 congregatione
690 806 924 891 Episcoporum
939 809 1167 872 excutiendum

122 903 345 966 existimarunt
354 903 475 969 Patres.

194 1245 509 1311 cononnonuro
532 1243 724 1308 annana
745 1243 1075 1310 unornasuqu.

401 1382 460 1444 na
476 1382 518 1444 1e
532 1380 732 1461 suemus,
748 1380 893 1445 saue.

164 1518 254 1584 Hora
268 1518 391 1583 decima
404 1538 478 1581 cum
493 1516 625 1582 dimidio
636 1516 746 1581 habita
757 1512 1028 1602 est'Gongregatio
1042 1518 1167 1601 privata

121 1623 333 1687 decimasexta
343 1628 377 1685 et
391 1620 515 1684 ultima.

164 1726 283 1788 Parvus
293 1724 538 1787 Gatechismusa
549 1721 762 1804 Deputatione
773 1721 813 1786 de
826 1723 888 1787 fide
896 1722 1165 1799 redactus,coram

122 1826 270 1892 Patribus
281 1827 406 1891 delatus
421 1833 470 1891 est
480 1848 499 1890 a
510 1826 697 1889 Secretario:
710 1847 804 1909 quem
812 1827 919 1911 proclo
930 1826 1165 1909 subjiciendum

122 1936 302 1996 statuerunt
332 1930 443 1994 Patres
468 1935 506 1992 ut
534 1927 670 2015 singulis
695 1928 864 2013 Episcopis
884 1929 1075 2013 exemplaria
1088 1930 1164 1993 mit·

119 2040 271 2111 tenentur,
287 2033 371 2118 quod
383 2039 489 2096 tarnen
504 2031 545 2095 ob
556 2031 714 2094 defectum
724 2032 877 2114 temporis
891 2033 960 2095 fieri
974 2052 1038 2095 non
1046 2033 1164 2115 potuit.

163 2136 366 2201 Postulatum
381 2135 469 2198 Illffii
484 2141 517 2199 et
542 2134 655 2197 Revffii
670 2131 712 2196 D.
728 2133 881 2217 Episcopi
906 2135 1101 2198 Ossoriensis
1125 2134 1165 2197 de

119 2237 230 2302 officiis
251 2239 387 2322 propriis
409 2237 620 2321 quorumdam
644 2235 817 2299 Hiberniae
835 2235 1024 2300 Sanctorum
1045 2236 1164 2320 perlec-

118 2347 189 2403 tum
205 2348 237 2404 et
250 2340 418 2424 probatum
433 2346 502 2402 est:
527 2345 559 2402 et
573 2339 674 2403 officia
698 2357 758 2402 suo
771 2345 912 2422 ternpore
929 2338 1061 2402 Sanctae
1088 2339 1164 2403 Sodi

118 2442 338 2525 subjicientur.

161 2545 308 2628 Epistola
332 2542 504 2607 Pastoralie
526 2543 627 2626 pridie
653 2543 744 2620 lecta,
761 2542 951 2626 quibusdam
977 2544 1069 2607 factis
1095 2545 1162 2607 ani-

117 2646 398 2723 madversionibus,
436 2645 626 2709 demandata
658 2652 707 2709 est
743 2646 783 2709 ad
811 2646 926 2709 Illffios
962 2652 994 2710 et
1025 2646 1163 2710 Revffros

117 2749 294 2833 Episcopos
321 2747 562 2824 Caeseliensem,
580 2748 824 2812 Dromorensem
850 2755 883 2812 et
896 2748 1162 2825 Ardacadensem,

116 2853 172 2935 qui
187 2852 342 2935 ejusmodi
365 2851 674 2915 animadversionum
693 2850 814 2914 ratione
828 2850 948 2928 habita,
964 2872 1035 2914 earn
1055 2871 1161 2914 recen·

116 2960 232 3031 serent,
248 2961 344 3038 atque
357 2955 392 3017 in
407 2954 511 3017 lucem
525 2954 664 3017 ederent.

157 3057 239 3120 Inde
247 3057 421 3140 perlectum
435 3063 484 3121 est
496 3055 601 3140 Caput
615 3055 652 3119 de
662 3057 748 3120 Viris
759 3056 929 3138 Rclipc'oaia
938 3056 1023 3140 quod
1032 3056 1161 3140 longius

114 3180 283 3223 excussum
319 3165 351 3223 et
386 3159 474 3222 baud
509 3159 630 3223 modice
666 3159 874 3223 immutatum
909 3159 993 3222 inter
1026 3157 1162 3223 Decreta

112 3262 249 3326 relatum
264 3269 323 3326 est.

156 3365 337 3429 Articulum
355 3386 374 3427 a
389 3363 844 3447 DeputationeEpiscoporum
855 3362 998 3428 delatum
1012 3366 1051 3429 de
1065 3366 1162 3431 modo

113 3486 175 3548 quo
191 3488 225 3530 se
239 3488 345 3550 gerere
355 3466 489 3530 debeant
506 3465 690 3529 Sacerdotes
700 3472 732 3528 et
748 3465 939 3530 confessarii
950 3469 1032 3531 circa
1040 3490 1160 3532 novum

113 3569 270 3650 quoddam
295 3589 396 3653 genus
411 3569 519 3631 minus
540 3568 672 3631 honeste
699 3568 846 3647 saltandi,
859 3571 928 3652 jam
942 3571 977 3632 in
1004 3570 1161 3634 Hibernia

112 3670 317 3749 invalescens,
333 3671 469 3735 breviter
485 3691 654 3734 excussum
669 3670 881 3753 probaverunt
897 3672 1018 3736 Patres.
1096 3731 1098 3736 .

155 3771 219 3835 His
234 3775 428 3851 constitutis,
446 3773 590 3857 quaestio
605 3772 645 3835 ab
659 3773 744 3836 Eino
762 3772 910 3838 Praeside
925 3774 1074 3839 Patribus
1088 3797 1159 3859 pro·

111 3875 215 3955 posita
230 3883 288 3952 est,
305 3876 464 3960 quomodo
480 3876 596 3938 melius
617 3877 774 3959 provideri
795 3884 904 3961 posset
923 3878 1082 3960 refugium
1103 3900 1161 3962 pro

113 3975 333 4042 Sacerdotibus
356 3978 593 4062 aegrotantibus
622 3986 655 4043 et
677 3980 788 4063 quavis
818 3979 857 4044 de
887 4001 982 4044 eausa
1010 3980 1158 4059 infirmis,
