<?xml version="1.0" encoding="UTF-8"?>
<!DOCTYPE html PUBLIC "-//W3C//DTD XHTML 1.0 Transitional//EN"
    "http://www.w3.org/TR/xhtml1/DTD/xhtml1-transitional.dtd">
<html xmlns="http://www.w3.org/1999/xhtml" xml:lang="en" lang="en">
 <head>
  <title>
</title>
<meta http-equiv="Content-Type" content="text/html;charset=utf-8" />
  <meta name='ocr-system' content='tesseract 3.04.00' />
  <meta name='ocr-capabilities' content='ocr_page ocr_carea ocr_par ocr_line ocrx_word'/>
</head>
<body>
  <div class='ocr_page' id='page_1' title='image "actaetdecretasy00goog_0070.png"; bbox 0 0 2572 4410; ppageno 0'>
   <div class='ocr_carea' id='block_1_1' title="bbox 627 287 668 350">
    <p class='ocr_par' dir='ltr' id='par_1_1' title="bbox 627 287 668 350">
     <span class='ocr_line' id='line_1_1' title="bbox 627 287 668 350; baseline 0 0"><span class='ocrx_word' id='word_1_1' title='bbox 627 287 668 350; x_wconf 84' lang='lat'><strong>55</strong></span> 
     </span>
    </p>
   </div>
   <div class='ocr_carea' id='block_1_2' title="bbox 333 504 956 724">
    <p class='ocr_par' dir='ltr' id='par_1_2' title="bbox 333 504 956 724">
     <span class='ocr_line' id='line_1_2' title="bbox 356 504 936 572; baseline -0.003 0"><span class='ocrx_word' id='word_1_2' title='bbox 356 507 506 572; x_wconf 84' lang='lat' dir='ltr'><strong>SESSIO</strong></span> <span class='ocrx_word' id='word_1_3' title='bbox 523 505 746 570; x_wconf 86' lang='lat' dir='ltr'><strong>SOLEMNIS</strong></span> <span class='ocrx_word' id='word_1_4' title='bbox 762 504 936 570; x_wconf 79' lang='lat' dir='ltr'><strong>TERTIA.</strong></span> 
     </span>
     <span class='ocr_line' id='line_1_3' title="bbox 333 641 956 724; baseline 0 -18"><span class='ocrx_word' id='word_1_5' title='bbox 333 644 397 707; x_wconf 85' lang='lat' dir='ltr'><strong>Dic</strong></span> <span class='ocrx_word' id='word_1_6' title='bbox 413 645 455 707; x_wconf 80' lang='lat'><strong>20</strong></span> <span class='ocrx_word' id='word_1_7' title='bbox 470 643 669 724; x_wconf 67' lang='lat' dir='ltr'><strong>Septembris,</strong></span> <span class='ocrx_word' id='word_1_8' title='bbox 685 643 785 706; x_wconf 79' lang='lat' dir='ltr'><strong>Ferio</strong></span> <span class='ocrx_word' id='word_1_9' title='bbox 798 641 956 708; x_wconf 77' lang='lat' dir='ltr'><strong>Secundo.</strong></span> 
     </span>
    </p>
   </div>
   <div class='ocr_carea' id='block_1_3' title="bbox 114 792 1165 1083">
    <p class='ocr_par' dir='ltr' id='par_1_3' title="bbox 114 792 1165 1083">
     <span class='ocr_line' id='line_1_4' title="bbox 172 792 1165 860; baseline -0.002 0"><span class='ocrx_word' id='word_1_10' title='bbox 172 796 266 860; x_wconf 86' lang='lat' dir='ltr'><strong>Hora</strong></span> <span class='ocrx_word' id='word_1_11' title='bbox 280 796 401 860; x_wconf 89' lang='lat' dir='ltr'><strong>decima</strong></span> <span class='ocrx_word' id='word_1_12' title='bbox 427 794 582 860; x_wconf 85' lang='lat' dir='ltr'><strong>celebrata</strong></span> <span class='ocrx_word' id='word_1_13' title='bbox 601 802 650 860; x_wconf 90' lang='lat' dir='ltr'><strong>est</strong></span> <span class='ocrx_word' id='word_1_14' title='bbox 674 795 777 858; x_wconf 89' lang='lat' dir='ltr'><strong>Missa</strong></span> <span class='ocrx_word' id='word_1_15' title='bbox 793 794 950 859; x_wconf 75' lang='lat' dir='ltr'>Solemnis</span> <span class='ocrx_word' id='word_1_16' title='bbox 967 792 1006 858; x_wconf 91' lang='lat' dir='ltr'><strong>ab</strong></span> <span class='ocrx_word' id='word_1_17' title='bbox 1023 794 1118 858; x_wconf 75' lang='lat' dir='ltr'><strong>illido</strong></span> <span class='ocrx_word' id='word_1_18' title='bbox 1133 802 1165 860; x_wconf 90' lang='lat' dir='ltr'><strong>et</strong></span> 
     </span>
     <span class='ocr_line' id='line_1_5' title="bbox 114 897 1163 1001; baseline -0.003 -38"><span class='ocrx_word' id='word_1_19' title='bbox 114 899 244 964; x_wconf 77' lang='lat' dir='ltr'><strong>Revffio</strong></span> <span class='ocrx_word' id='word_1_20' title='bbox 253 898 497 982; x_wconf 86' lang='lat' dir='ltr'><strong>Archiepiscopo</strong></span> <span class='ocrx_word' id='word_1_21' title='bbox 509 897 715 1001; x_wconf 81' lang='lat' dir='ltr'><strong>Casseliensi3</strong></span> <span class='ocrx_word' id='word_1_22' title='bbox 732 899 784 961; x_wconf 88' lang='lat' dir='ltr'><strong>oui</strong></span> <span class='ocrx_word' id='word_1_23' title='bbox 796 898 836 961; x_wconf 92' lang='lat' dir='ltr'><strong>ad</strong></span> <span class='ocrx_word' id='word_1_24' title='bbox 847 898 944 962; x_wconf 86' lang='lat' dir='ltr'><strong>altare</strong></span> <span class='ocrx_word' id='word_1_25' title='bbox 957 897 1163 960; x_wconf 71' lang='lat' dir='ltr'><strong>adstiterunt:</strong></span> 
     </span>
     <span class='ocr_line' id='line_1_6' title="bbox 116 999 1164 1083; baseline -0.004 -17"><span class='ocrx_word' id='word_1_26' title='bbox 116 1003 277 1066; x_wconf 75' lang='lat' dir='ltr'>Sacerdos</span> <span class='ocrx_word' id='word_1_27' title='bbox 293 1002 457 1078; x_wconf 79' lang='lat' dir='ltr'><strong>assistens,</strong></span> <span class='ocrx_word' id='word_1_28' title='bbox 474 1000 568 1064; x_wconf 91' lang='lat' dir='ltr'><strong>Adm.</strong></span> <span class='ocrx_word' id='word_1_29' title='bbox 580 1001 656 1064; x_wconf 84' lang='lat' dir='ltr'><strong>Rev.</strong></span> <span class='ocrx_word' id='word_1_30' title='bbox 674 1001 713 1064; x_wconf 87' lang='lat' dir='ltr'><strong>D.</strong></span> <span class='ocrx_word' id='word_1_31' title='bbox 730 1001 870 1064; x_wconf 85' lang='lat' dir='ltr'><strong>Joannes</strong></span> <span class='ocrx_word' id='word_1_32' title='bbox 884 1000 985 1083; x_wconf 87' lang='lat' dir='ltr'><strong>Ryan,</strong></span> <span class='ocrx_word' id='word_1_33' title='bbox 996 1000 1064 1064; x_wconf 91' lang='lat' dir='ltr'><strong>Vic.</strong></span> <span class='ocrx_word' id='word_1_34' title='bbox 1082 999 1164 1062; x_wconf 84' lang='lat' dir='ltr'><strong>Gen.</strong></span> 
     </span>
    </p>
   </div>
   <div class='ocr_carea' id='block_1_4' title="bbox 116 1101 1166 1701">
    <p class='ocr_par' dir='ltr' id='par_1_4' title="bbox 116 1101 1165 1271">
     <span class='ocr_line' id='line_1_7' title="bbox 116 1101 1165 1180; baseline -0.004 -10"><span class='ocrx_word' id='word_1_35' title='bbox 116 1105 349 1180; x_wconf 83' lang='lat' dir='ltr'><strong>Casseliensis3</strong></span> <span class='ocrx_word' id='word_1_36' title='bbox 368 1105 528 1168; x_wconf 86' lang='lat' dir='ltr'><strong>Diaconus</strong></span> <span class='ocrx_word' id='word_1_37' title='bbox 544 1111 576 1167; x_wconf 86' lang='lat' dir='ltr'><strong>et</strong></span> <span class='ocrx_word' id='word_1_38' title='bbox 593 1101 821 1180; x_wconf 80' lang='lat' dir='ltr'><strong>Subdiaconus,</strong></span> <span class='ocrx_word' id='word_1_39' title='bbox 838 1103 906 1166; x_wconf 88' lang='lat' dir='ltr'><strong>RR.</strong></span> <span class='ocrx_word' id='word_1_40' title='bbox 921 1102 994 1167; x_wconf 89' lang='lat' dir='ltr'><strong>DD.</strong></span> <span class='ocrx_word' id='word_1_41' title='bbox 1012 1102 1165 1166; x_wconf 86' lang='lat' dir='ltr'><strong>Patritius</strong></span> 
     </span>
     <span class='ocr_line' id='line_1_8' title="bbox 116 1205 584 1271; baseline -0.002 -1"><span class='ocrx_word' id='word_1_42' title='bbox 116 1207 187 1270; x_wconf 83' lang='lat' dir='ltr'><strong>Fae</strong></span> <span class='ocrx_word' id='word_1_43' title='bbox 202 1214 235 1270; x_wconf 90' lang='lat' dir='ltr'><strong>et</strong></span> <span class='ocrx_word' id='word_1_44' title='bbox 250 1206 443 1271; x_wconf 87' lang='lat' dir='ltr'><strong>Guillelmus</strong></span> <span class='ocrx_word' id='word_1_45' title='bbox 460 1205 584 1269; x_wconf 83' lang='lat' dir='ltr'><strong>Oullen.</strong></span> 
     </span>
    </p>

    <p class='ocr_par' dir='ltr' id='par_1_5' title="bbox 116 1306 1166 1598">
     <span class='ocr_line' id='line_1_9' title="bbox 164 1306 1164 1392; baseline -0.001 -20"><span class='ocrx_word' id='word_1_46' title='bbox 164 1310 269 1372; x_wconf 86' lang='lat' dir='ltr'><strong>Missa</strong></span> <span class='ocrx_word' id='word_1_47' title='bbox 283 1310 374 1372; x_wconf 84' lang='lat' dir='ltr'><strong>finita</strong></span> <span class='ocrx_word' id='word_1_48' title='bbox 388 1308 564 1392; x_wconf 87' lang='lat' dir='ltr'><strong>perlectum</strong></span> <span class='ocrx_word' id='word_1_49' title='bbox 579 1315 628 1372; x_wconf 88' lang='lat' dir='ltr'><strong>est</strong></span> <span class='ocrx_word' id='word_1_50' title='bbox 644 1330 662 1371; x_wconf 97' lang='lat' dir='ltr'><strong>a</strong></span> <span class='ocrx_word' id='word_1_51' title='bbox 680 1309 852 1372; x_wconf 77' lang='lat' dir='ltr'><strong>secretario</strong></span> <span class='ocrx_word' id='word_1_52' title='bbox 863 1306 1025 1371; x_wconf 88' lang='lat' dir='ltr'><strong>decretum</strong></span> <span class='ocrx_word' id='word_1_53' title='bbox 1039 1308 1077 1372; x_wconf 87' lang='lat' dir='ltr'><strong>dc</strong></span> <span class='ocrx_word' id='word_1_54' title='bbox 1091 1309 1164 1372; x_wconf 91' lang='lat' dir='ltr'><strong>Mo·</strong></span> 
     </span>
     <span class='ocr_line' id='line_1_10' title="bbox 116 1411 1166 1496; baseline 0 -22"><span class='ocrx_word' id='word_1_55' title='bbox 116 1412 270 1488; x_wconf 74' lang='lat' dir='ltr'><strong>cialibus,</strong></span> <span class='ocrx_word' id='word_1_56' title='bbox 287 1411 371 1496; x_wconf 91' lang='lat' dir='ltr'><strong>quod</strong></span> <span class='ocrx_word' id='word_1_57' title='bbox 387 1411 535 1475; x_wconf 87' lang='lat' dir='ltr'><strong>Patribus</strong></span> <span class='ocrx_word' id='word_1_58' title='bbox 551 1412 700 1475; x_wconf 90' lang='lat' dir='ltr'><strong>omnibus</strong></span> <span class='ocrx_word' id='word_1_59' title='bbox 715 1412 855 1494; x_wconf 80' lang='lat' dir='ltr'><strong>placuit3</strong></span> <span class='ocrx_word' id='word_1_60' title='bbox 872 1417 905 1475; x_wconf 91' lang='lat' dir='ltr'><strong>et</strong></span> <span class='ocrx_word' id='word_1_61' title='bbox 920 1412 1026 1475; x_wconf 89' lang='lat' dir='ltr'><strong>omnia</strong></span> <span class='ocrx_word' id='word_1_62' title='bbox 1040 1418 1166 1493; x_wconf 85' lang='lat' dir='ltr'><strong>peracta</strong></span> 
     </span>
     <span class='ocr_line' id='line_1_11' title="bbox 118 1513 977 1598; baseline -0.003 -20"><span class='ocrx_word' id='word_1_63' title='bbox 118 1521 198 1579; x_wconf 83' lang='lat' dir='ltr'><strong>aunt</strong></span> <span class='ocrx_word' id='word_1_64' title='bbox 214 1515 343 1598; x_wconf 89' lang='lat' dir='ltr'><strong>quaein</strong></span> <span class='ocrx_word' id='word_1_65' title='bbox 358 1514 537 1577; x_wconf 87' lang='lat' dir='ltr'><strong>Pontificali</strong></span> <span class='ocrx_word' id='word_1_66' title='bbox 552 1515 695 1578; x_wconf 90' lang='lat' dir='ltr'><strong>Romano</strong></span> <span class='ocrx_word' id='word_1_67' title='bbox 710 1513 977 1596; x_wconf 87' lang='lat' dir='ltr'><strong>praescribuntur.</strong></span> 
     </span>
    </p>

    <p class='ocr_par' dir='ltr' id='par_1_6' title="bbox 164 1616 1166 1701">
     <span class='ocr_line' id='line_1_12' title="bbox 164 1616 1166 1701; baseline 0 -21"><span class='ocrx_word' id='word_1_68' title='bbox 164 1616 419 1681; x_wconf 86' lang='lat' dir='ltr'><strong>Acclamationes</strong></span> <span class='ocrx_word' id='word_1_69' title='bbox 449 1637 529 1701; x_wconf 88' lang='lat' dir='ltr'><strong>quae</strong></span> <span class='ocrx_word' id='word_1_70' title='bbox 559 1623 737 1701; x_wconf 87' lang='lat' dir='ltr'><strong>sequuntur</strong></span> <span class='ocrx_word' id='word_1_71' title='bbox 751 1617 786 1678; x_wconf 92' lang='lat' dir='ltr'><strong>in</strong></span> <span class='ocrx_word' id='word_1_72' title='bbox 802 1616 866 1678; x_wconf 88' lang='lat' dir='ltr'><strong>fine</strong></span> <span class='ocrx_word' id='word_1_73' title='bbox 882 1616 1001 1698; x_wconf 83' lang='lat' dir='ltr'><strong>Synodi</strong></span> <span class='ocrx_word' id='word_1_74' title='bbox 1024 1623 1166 1681; x_wconf 85' lang='lat' dir='ltr'><strong>cantatae</strong></span> 
     </span>
    </p>
   </div>
   <div class='ocr_carea' id='block_1_5' title="bbox 122 1725 1164 1870">
    <p class='ocr_par' dir='ltr' id='par_1_7' title="bbox 122 1725 1164 1870">
     <span class='ocr_line' id='line_1_13' title="bbox 122 1725 1164 1870; baseline 0.001 -2"><span class='ocrx_word' id='word_1_75' title='bbox 122 1725 289 1869; x_wconf 59' lang='lat' dir='ltr'><strong>supaDeo</strong></span> <span class='ocrx_word' id='word_1_76' title='bbox 326 1805 413 1867; x_wconf 86' lang='lat' dir='ltr'><strong>Patri</strong></span> <span class='ocrx_word' id='word_1_77' title='bbox 438 1804 726 1869; x_wconf 81' lang='lat' dir='ltr'><strong>misericordiarum</strong></span> <span class='ocrx_word' id='word_1_78' title='bbox 751 1812 784 1869; x_wconf 91' lang='lat' dir='ltr'><strong>et</strong></span> <span class='ocrx_word' id='word_1_79' title='bbox 807 1805 908 1869; x_wconf 88' lang='lat' dir='ltr'><strong>totius</strong></span> <span class='ocrx_word' id='word_1_80' title='bbox 938 1805 1164 1870; x_wconf 76' lang='lat' dir='ltr'><strong>consolationis</strong></span> 
     </span>
    </p>
   </div>
   <div class='ocr_carea' id='block_1_6' title="bbox 119 1907 1165 3939">
    <p class='ocr_par' dir='ltr' id='par_1_8' title="bbox 120 1907 408 1991">
     <span class='ocr_line' id='line_1_14' title="bbox 120 1907 408 1991; baseline -0.003 -20"><span class='ocrx_word' id='word_1_81' title='bbox 120 1907 265 1981; x_wconf 88' lang='lat' dir='ltr'><strong>Auctori,</strong></span> <span class='ocrx_word' id='word_1_82' title='bbox 276 1908 408 1991; x_wconf 86' lang='lat' dir='ltr'><strong>gratiae.</strong></span> 
     </span>
    </p>

    <p class='ocr_par' dir='ltr' id='par_1_9' title="bbox 120 2009 1165 2504">
     <span class='ocr_line' id='line_1_15' title="bbox 166 2009 1165 2094; baseline 0 -20"><span class='ocrx_word' id='word_1_83' title='bbox 166 2011 300 2075; x_wconf 68' lang='lat' dir='ltr'><strong>caros.</strong></span> <span class='ocrx_word' id='word_1_84' title='bbox 323 2011 486 2073; x_wconf 88' lang='lat' dir='ltr'><strong>Immensa</strong></span> <span class='ocrx_word' id='word_1_85' title='bbox 500 2015 552 2073; x_wconf 84' lang='lat' dir='ltr'><strong>est</strong></span> <span class='ocrx_word' id='word_1_86' title='bbox 564 2009 782 2073; x_wconf 87' lang='lat' dir='ltr'><strong>misericordia</strong></span> <span class='ocrx_word' id='word_1_87' title='bbox 804 2016 874 2086; x_wconf 90' lang='lat' dir='ltr'><strong>tua,</strong></span> <span class='ocrx_word' id='word_1_88' title='bbox 899 2011 1046 2086; x_wconf 91' lang='lat' dir='ltr'><strong>Domine,</strong></span> <span class='ocrx_word' id='word_1_89' title='bbox 1071 2032 1165 2094; x_wconf 89' lang='lat' dir='ltr'><strong>super</strong></span> 
     </span>
     <span class='ocr_line' id='line_1_16' title="bbox 121 2112 1165 2197; baseline 0 -20"><span class='ocrx_word' id='word_1_90' title='bbox 121 2135 192 2190; x_wconf 90' lang='lat' dir='ltr'><strong>nos,</strong></span> <span class='ocrx_word' id='word_1_91' title='bbox 206 2114 262 2197; x_wconf 90' lang='lat' dir='ltr'><strong>qui</strong></span> <span class='ocrx_word' id='word_1_92' title='bbox 285 2134 343 2176; x_wconf 93' lang='lat' dir='ltr'><strong>nos</strong></span> <span class='ocrx_word' id='word_1_93' title='bbox 369 2134 479 2177; x_wconf 89' lang='lat' dir='ltr'><strong>verum</strong></span> <span class='ocrx_word' id='word_1_94' title='bbox 508 2112 693 2195; x_wconf 88' lang='lat' dir='ltr'><strong>disciplinae</strong></span> <span class='ocrx_word' id='word_1_95' title='bbox 722 2113 864 2196; x_wconf 89' lang='lat' dir='ltr'><strong>regimen</strong></span> <span class='ocrx_word' id='word_1_96' title='bbox 893 2113 1014 2184; x_wconf 85' lang='lat' dir='ltr'><strong>docere,</strong></span> <span class='ocrx_word' id='word_1_97' title='bbox 1038 2120 1165 2195; x_wconf 89' lang='lat' dir='ltr'><strong>etpost</strong></span> 
     </span>
     <span class='ocr_line' id='line_1_17' title="bbox 121 2214 1164 2287; baseline -0.001 -8"><span class='ocrx_word' id='word_1_98' title='bbox 121 2214 207 2279; x_wconf 80' lang='lat' dir='ltr'><strong>diras</strong></span> <span class='ocrx_word' id='word_1_99' title='bbox 233 2222 282 2279; x_wconf 86' lang='lat' dir='ltr'><strong>tot</strong></span> <span class='ocrx_word' id='word_1_100' title='bbox 303 2216 500 2279; x_wconf 88' lang='lat' dir='ltr'><strong>saeculorum</strong></span> <span class='ocrx_word' id='word_1_101' title='bbox 526 2215 733 2287; x_wconf 79' lang='lat' dir='ltr'><strong>calamitates,</strong></span> <span class='ocrx_word' id='word_1_102' title='bbox 763 2214 822 2277; x_wconf 90' lang='lat' dir='ltr'><strong>hac</strong></span> <span class='ocrx_word' id='word_1_103' title='bbox 846 2214 987 2278; x_wconf 88' lang='lat' dir='ltr'><strong>secunda</strong></span> <span class='ocrx_word' id='word_1_104' title='bbox 1017 2216 1164 2279; x_wconf 88' lang='lat' dir='ltr'><strong>Plenaria</strong></span> 
     </span>
     <span class='ocr_line' id='line_1_18' title="bbox 124 2317 1162 2401; baseline -0.001 -19"><span class='ocrx_word' id='word_1_105' title='bbox 124 2317 252 2401; x_wconf 83' lang='lat' dir='ltr'><strong>Synodo</strong></span> <span class='ocrx_word' id='word_1_106' title='bbox 267 2319 445 2381; x_wconf 83' lang='lat' dir='ltr'><strong>Ecclesiam</strong></span> <span class='ocrx_word' id='word_1_107' title='bbox 457 2325 598 2382; x_wconf 86' lang='lat' dir='ltr'><strong>nostram</strong></span> <span class='ocrx_word' id='word_1_108' title='bbox 614 2338 726 2399; x_wconf 87' lang='lat' dir='ltr'><strong>augere</strong></span> <span class='ocrx_word' id='word_1_109' title='bbox 742 2317 892 2400; x_wconf 91' lang='lat' dir='ltr'><strong>dignatus</strong></span> <span class='ocrx_word' id='word_1_110' title='bbox 907 2339 960 2396; x_wconf 90' lang='lat' dir='ltr'><strong>es;</strong></span> <span class='ocrx_word' id='word_1_111' title='bbox 978 2318 1037 2382; x_wconf 89' lang='lat' dir='ltr'><strong>tibi</strong></span> <span class='ocrx_word' id='word_1_112' title='bbox 1052 2319 1162 2396; x_wconf 86' lang='lat' dir='ltr'><strong>honor,</strong></span> 
     </span>
     <span class='ocr_line' id='line_1_19' title="bbox 120 2412 818 2504; baseline 0.001 -21"><span class='ocrx_word' id='word_1_113' title='bbox 120 2421 180 2483; x_wconf 90' lang='lat' dir='ltr'><strong>tibi</strong></span> <span class='ocrx_word' id='word_1_114' title='bbox 195 2421 279 2497; x_wconf 91' lang='lat' dir='ltr'><strong>laus,</strong></span> <span class='ocrx_word' id='word_1_115' title='bbox 296 2421 356 2484; x_wconf 94' lang='lat' dir='ltr'><strong>tibi</strong></span> <span class='ocrx_word' id='word_1_116' title='bbox 371 2421 471 2504; x_wconf 89' lang='lat' dir='ltr'><strong>gloria</strong></span> <span class='ocrx_word' id='word_1_117' title='bbox 485 2422 519 2483; x_wconf 92' lang='lat' dir='ltr'><strong>in</strong></span> <span class='ocrx_word' id='word_1_118' title='bbox 536 2418 662 2484; x_wconf 88' lang='lat' dir='ltr'><strong>saecula</strong></span> <span class='ocrx_word' id='word_1_119' title='bbox 681 2412 818 2485; x_wconf 85' lang='lat' dir='ltr'><strong>aeterna.</strong></span> 
     </span>
    </p>

    <p class='ocr_par' dir='ltr' id='par_1_10' title="bbox 120 2519 1163 2812">
     <span class='ocr_line' id='line_1_20' title="bbox 164 2519 1163 2606; baseline 0.003 -21"><span class='ocrx_word' id='word_1_120' title='bbox 164 2523 197 2585; x_wconf 78' lang='grc'><strong>2.</strong></span> <span class='ocrx_word' id='word_1_121' title='bbox 226 2524 418 2587; x_wconf 87' lang='lat' dir='ltr'><strong>Beatissimo</strong></span> <span class='ocrx_word' id='word_1_122' title='bbox 452 2523 512 2585; x_wconf 88' lang='lat' dir='ltr'><strong>Pro</strong></span> <span class='ocrx_word' id='word_1_123' title='bbox 547 2519 665 2606; x_wconf 87' lang='lat' dir='ltr'><strong>Papae,</strong></span> <span class='ocrx_word' id='word_1_124' title='bbox 694 2530 726 2588; x_wconf 90' lang='lat' dir='ltr'><strong>et</strong></span> <span class='ocrx_word' id='word_1_125' title='bbox 752 2525 825 2588; x_wconf 78' lang='lat' dir='ltr'><strong>Dfio</strong></span> <span class='ocrx_word' id='word_1_126' title='bbox 854 2524 971 2588; x_wconf 85' lang='lat' dir='ltr'><strong>Nostro</strong></span> <span class='ocrx_word' id='word_1_127' title='bbox 999 2523 1163 2588; x_wconf 81' lang='lat' dir='ltr'><strong>Ecclesiae</strong></span> 
     </span>
     <span class='ocr_line' id='line_1_21' title="bbox 122 2625 1162 2710; baseline 0.002 -21"><span class='ocrx_word' id='word_1_128' title='bbox 122 2625 245 2690; x_wconf 82' lang='lat' dir='ltr'><strong>Christi</strong></span> <span class='ocrx_word' id='word_1_129' title='bbox 260 2626 408 2689; x_wconf 89' lang='lat' dir='ltr'><strong>Pontifici</strong></span> <span class='ocrx_word' id='word_1_130' title='bbox 422 2625 564 2689; x_wconf 83' lang='lat' dir='ltr'><strong>Maximo</strong></span> <span class='ocrx_word' id='word_1_131' title='bbox 580 2649 588 2700; x_wconf 84' lang='lat'><em>3</em></span> <span class='ocrx_word' id='word_1_132' title='bbox 613 2633 799 2690; x_wconf 86' lang='lat' dir='ltr'><strong>cunctarum</strong></span> <span class='ocrx_word' id='word_1_133' title='bbox 814 2628 958 2710; x_wconf 89' lang='lat' dir='ltr'><strong>gentium</strong></span> <span class='ocrx_word' id='word_1_134' title='bbox 974 2628 1162 2705; x_wconf 90' lang='lat' dir='ltr'><strong>obedientia,</strong></span> 
     </span>
     <span class='ocr_line' id='line_1_22' title="bbox 120 2728 873 2812; baseline 0.003 -22"><span class='ocrx_word' id='word_1_135' title='bbox 120 2734 153 2790; x_wconf 88' lang='lat' dir='ltr'><strong>ot</strong></span> <span class='ocrx_word' id='word_1_136' title='bbox 168 2749 260 2791; x_wconf 82' lang='lat' dir='ltr'><strong>verae</strong></span> <span class='ocrx_word' id='word_1_137' title='bbox 275 2728 349 2791; x_wconf 87' lang='lat' dir='ltr'><strong>fidei</strong></span> <span class='ocrx_word' id='word_1_138' title='bbox 363 2750 419 2811; x_wconf 88' lang='lat' dir='ltr'><strong>per</strong></span> <span class='ocrx_word' id='word_1_139' title='bbox 433 2735 538 2792; x_wconf 91' lang='lat' dir='ltr'><strong>totum</strong></span> <span class='ocrx_word' id='word_1_140' title='bbox 554 2729 661 2792; x_wconf 90' lang='lat' dir='ltr'><strong>orbem</strong></span> <span class='ocrx_word' id='word_1_141' title='bbox 676 2730 873 2812; x_wconf 79' lang='lat' dir='ltr'><strong>propagatio</strong></span> 
     </span>
    </p>

    <p class='ocr_par' dir='ltr' id='par_1_11' title="bbox 119 2830 1163 3222">
     <span class='ocr_line' id='line_1_23' title="bbox 166 2830 1163 2915; baseline 0.004 -22"><span class='ocrx_word' id='word_1_142' title='bbox 166 2830 300 2893; x_wconf 76' lang='lat' dir='ltr'><strong>Chorus.</strong></span> <span class='ocrx_word' id='word_1_143' title='bbox 344 2831 583 2915; x_wconf 85' lang='lat' dir='ltr'><strong>Benignissime</strong></span> <span class='ocrx_word' id='word_1_144' title='bbox 621 2832 720 2908; x_wconf 89' lang='lat' dir='ltr'><strong>Deus,</strong></span> <span class='ocrx_word' id='word_1_145' title='bbox 761 2832 1000 2895; x_wconf 89' lang='lat' dir='ltr'><strong>sanctissimum</strong></span> <span class='ocrx_word' id='word_1_146' title='bbox 1038 2832 1163 2897; x_wconf 89' lang='lat' dir='ltr'><strong>Patrem</strong></span> 
     </span>
     <span class='ocr_line' id='line_1_24' title="bbox 119 2934 1163 3018; baseline 0.005 -24"><span class='ocrx_word' id='word_1_147' title='bbox 119 2938 268 2996; x_wconf 89' lang='lat' dir='ltr'><strong>nostrum</strong></span> <span class='ocrx_word' id='word_1_148' title='bbox 290 2934 449 2996; x_wconf 89' lang='lat' dir='ltr'><strong>Ecclesiae</strong></span> <span class='ocrx_word' id='word_1_149' title='bbox 470 2940 545 2996; x_wconf 92' lang='lat' dir='ltr'><strong>tuae</strong></span> <span class='ocrx_word' id='word_1_150' title='bbox 571 2940 787 3010; x_wconf 83' lang='lat' dir='ltr'><strong>conservant,</strong></span> <span class='ocrx_word' id='word_1_151' title='bbox 811 2954 848 2998; x_wconf 90' lang='lat' dir='ltr'><strong>eo</strong></span> <span class='ocrx_word' id='word_1_152' title='bbox 871 2934 1076 3018; x_wconf 85' lang='lat' dir='ltr'><strong>gubernante,</strong></span> <span class='ocrx_word' id='word_1_153' title='bbox 1093 2937 1163 2999; x_wconf 93' lang='lat' dir='ltr'><strong>uni-</strong></span> 
     </span>
     <span class='ocr_line' id='line_1_25' title="bbox 119 3036 1162 3122; baseline 0.005 -25"><span class='ocrx_word' id='word_1_154' title='bbox 119 3054 231 3098; x_wconf 86' lang='lat' dir='ltr'><strong>versae</strong></span> <span class='ocrx_word' id='word_1_155' title='bbox 259 3043 370 3118; x_wconf 90' lang='lat' dir='ltr'><strong>gentes</strong></span> <span class='ocrx_word' id='word_1_156' title='bbox 399 3036 460 3099; x_wconf 93' lang='lat' dir='ltr'><strong>tibi</strong></span> <span class='ocrx_word' id='word_1_157' title='bbox 483 3057 592 3098; x_wconf 87' lang='lat' dir='ltr'><strong>verum</strong></span> <span class='ocrx_word' id='word_1_158' title='bbox 622 3037 810 3121; x_wconf 87' lang='lat' dir='ltr'><strong>obsequium</strong></span> <span class='ocrx_word' id='word_1_159' title='bbox 838 3043 1010 3120; x_wconf 86' lang='lat' dir='ltr'><strong>praestent,</strong></span> <span class='ocrx_word' id='word_1_160' title='bbox 1035 3044 1162 3122; x_wconf 83' lang='lat' dir='ltr'><strong>atquae</strong></span> 
     </span>
     <span class='ocr_line' id='line_1_26' title="bbox 120 3137 1118 3222; baseline 0.006 -23"><span class='ocrx_word' id='word_1_161' title='bbox 120 3137 282 3219; x_wconf 87' lang='lat' dir='ltr'><strong>dispersae</strong></span> <span class='ocrx_word' id='word_1_162' title='bbox 295 3144 379 3214; x_wconf 88' lang='lat' dir='ltr'><strong>sunt,</strong></span> <span class='ocrx_word' id='word_1_163' title='bbox 397 3139 431 3200; x_wconf 92' lang='lat' dir='ltr'><strong>in</strong></span> <span class='ocrx_word' id='word_1_164' title='bbox 446 3158 548 3201; x_wconf 90' lang='lat' dir='ltr'><strong>unum</strong></span> <span class='ocrx_word' id='word_1_165' title='bbox 559 3139 720 3203; x_wconf 88' lang='lat' dir='ltr'><strong>Ecclesiae</strong></span> <span class='ocrx_word' id='word_1_166' title='bbox 735 3146 807 3203; x_wconf 89' lang='lat' dir='ltr'><strong>tuae</strong></span> <span class='ocrx_word' id='word_1_167' title='bbox 822 3140 902 3204; x_wconf 82' lang='lat' dir='ltr'><strong>ovile</strong></span> <span class='ocrx_word' id='word_1_168' title='bbox 918 3139 1118 3222; x_wconf 85' lang='lat' dir='ltr'><strong>colligantur.</strong></span> 
     </span>
    </p>

    <p class='ocr_par' dir='ltr' id='par_1_12' title="bbox 119 3237 1163 3727">
     <span class='ocr_line' id='line_1_27' title="bbox 166 3237 1161 3326; baseline 0.004 -24"><span class='ocrx_word' id='word_1_169' title='bbox 166 3241 197 3302; x_wconf 89' lang='grc'><strong>3.</strong></span> <span class='ocrx_word' id='word_1_170' title='bbox 221 3237 306 3303; x_wconf 73' lang='lat' dir='ltr'><strong>Eine</strong></span> <span class='ocrx_word' id='word_1_171' title='bbox 321 3247 353 3304; x_wconf 92' lang='lat' dir='ltr'><strong>et</strong></span> <span class='ocrx_word' id='word_1_172' title='bbox 364 3241 458 3304; x_wconf 76' lang='lat' dir='ltr'><strong>Illffio</strong></span> <span class='ocrx_word' id='word_1_173' title='bbox 467 3241 508 3303; x_wconf 88' lang='lat' dir='ltr'><strong>D.</strong></span> <span class='ocrx_word' id='word_1_174' title='bbox 520 3241 692 3318; x_wconf 85' lang='lat' dir='ltr'><strong>Oardinali,</strong></span> <span class='ocrx_word' id='word_1_175' title='bbox 704 3242 947 3326; x_wconf 85' lang='lat' dir='ltr'><strong>Archiepiscopo</strong></span> <span class='ocrx_word' id='word_1_176' title='bbox 960 3243 1161 3319; x_wconf 88' lang='lat' dir='ltr'><strong>Dublinensi,</strong></span> 
     </span>
     <span class='ocr_line' id='line_1_28' title="bbox 119 3341 1163 3429; baseline 0.006 -26"><span class='ocrx_word' id='word_1_177' title='bbox 119 3341 276 3423; x_wconf 87' lang='lat' dir='ltr'><strong>Delegato</strong></span> <span class='ocrx_word' id='word_1_178' title='bbox 292 3343 474 3425; x_wconf 87' lang='lat' dir='ltr'><strong>Apostolico</strong></span> <span class='ocrx_word' id='word_1_179' title='bbox 494 3349 527 3406; x_wconf 89' lang='lat' dir='ltr'><strong>et</strong></span> <span class='ocrx_word' id='word_1_180' title='bbox 542 3344 684 3408; x_wconf 88' lang='lat' dir='ltr'><strong>Praesidi</strong></span> <span class='ocrx_word' id='word_1_181' title='bbox 703 3344 801 3428; x_wconf 89' lang='lat' dir='ltr'><strong>hujus</strong></span> <span class='ocrx_word' id='word_1_182' title='bbox 823 3343 953 3427; x_wconf 84' lang='lat' dir='ltr'><strong>Synodi,</strong></span> <span class='ocrx_word' id='word_1_183' title='bbox 970 3345 1163 3429; x_wconf 87' lang='lat' dir='ltr'><strong>caeterisque</strong></span> 
     </span>
     <span class='ocr_line' id='line_1_29' title="bbox 119 3441 1162 3530; baseline 0.008 -26"><span class='ocrx_word' id='word_1_184' title='bbox 119 3441 378 3527; x_wconf 77' lang='lat' dir='ltr'><strong>Archiepiscopis</strong></span> <span class='ocrx_word' id='word_1_185' title='bbox 407 3452 440 3509; x_wconf 89' lang='lat' dir='ltr'><strong>et</strong></span> <span class='ocrx_word' id='word_1_186' title='bbox 468 3444 639 3530; x_wconf 88' lang='lat' dir='ltr'><strong>Episcopis</strong></span> <span class='ocrx_word' id='word_1_187' title='bbox 654 3447 828 3510; x_wconf 91' lang='lat' dir='ltr'><strong>Hiberniae</strong></span> <span class='ocrx_word' id='word_1_188' title='bbox 852 3452 884 3510; x_wconf 89' lang='lat' dir='ltr'><strong>et</strong></span> <span class='ocrx_word' id='word_1_189' title='bbox 909 3446 1057 3509; x_wconf 88' lang='lat' dir='ltr'><strong>universo</strong></span> <span class='ocrx_word' id='word_1_190' title='bbox 1081 3448 1162 3512; x_wconf 86' lang='lat' dir='ltr'><strong>clero</strong></span> 
     </span>
     <span class='ocr_line' id='line_1_30' title="bbox 119 3546 1161 3634; baseline 0.007 -28"><span class='ocrx_word' id='word_1_191' title='bbox 119 3564 195 3607; x_wconf 90' lang='lat' dir='ltr'><strong>cum</strong></span> <span class='ocrx_word' id='word_1_192' title='bbox 210 3546 322 3609; x_wconf 88' lang='lat' dir='ltr'><strong>multis</strong></span> <span class='ocrx_word' id='word_1_193' title='bbox 338 3548 441 3624; x_wconf 91' lang='lat' dir='ltr'><strong>annis,</strong></span> <span class='ocrx_word' id='word_1_194' title='bbox 475 3549 623 3612; x_wconf 86' lang='lat' dir='ltr'><strong>salutaris</strong></span> <span class='ocrx_word' id='word_1_195' title='bbox 654 3571 748 3632; x_wconf 86' lang='lat' dir='ltr'><strong>super</strong></span> <span class='ocrx_word' id='word_1_196' title='bbox 782 3570 910 3634; x_wconf 81' lang='lat' dir='ltr'><strong>gregem</strong></span> <span class='ocrx_word' id='word_1_197' title='bbox 934 3548 1110 3631; x_wconf 86' lang='lat' dir='ltr'><strong>vigilantia,</strong></span> <span class='ocrx_word' id='word_1_198' title='bbox 1126 3550 1161 3613; x_wconf 90' lang='lat' dir='ltr'><strong>in</strong></span> 
     </span>
     <span class='ocr_line' id='line_1_31' title="bbox 119 3647 786 3727; baseline 0.01 -18"><span class='ocrx_word' id='word_1_199' title='bbox 119 3647 281 3710; x_wconf 85' lang='lat' dir='ltr'><strong>laboribus</strong></span> <span class='ocrx_word' id='word_1_200' title='bbox 297 3652 485 3727; x_wconf 86' lang='lat' dir='ltr'><strong>constantia,</strong></span> <span class='ocrx_word' id='word_1_201' title='bbox 503 3658 535 3715; x_wconf 87' lang='lat' dir='ltr'><strong>et</strong></span> <span class='ocrx_word' id='word_1_202' title='bbox 550 3653 657 3715; x_wconf 92' lang='lat' dir='ltr'><strong>omnia</strong></span> <span class='ocrx_word' id='word_1_203' title='bbox 672 3654 786 3716; x_wconf 82' lang='lat' dir='ltr'><strong>fausta.</strong></span> 
     </span>
    </p>

    <p class='ocr_par' dir='ltr' id='par_1_13' title="bbox 120 3749 1162 3939">
     <span class='ocr_line' id='line_1_32' title="bbox 166 3749 1160 3838; baseline 0.003 -25"><span class='ocrx_word' id='word_1_204' title='bbox 166 3749 299 3813; x_wconf 80' lang='lat' dir='ltr'><strong>Chorus.</strong></span> <span class='ocrx_word' id='word_1_205' title='bbox 344 3751 434 3815; x_wconf 89' lang='lat' dir='ltr'><strong>Deus</strong></span> <span class='ocrx_word' id='word_1_206' title='bbox 455 3756 627 3836; x_wconf 89' lang='lat' dir='ltr'><strong>gratiarum</strong></span> <span class='ocrx_word' id='word_1_207' title='bbox 653 3755 792 3838; x_wconf 86' lang='lat' dir='ltr'><strong>largitor,</strong></span> <span class='ocrx_word' id='word_1_208' title='bbox 809 3755 942 3817; x_wconf 83' lang='lat' dir='ltr'><strong>infunde</strong></span> <span class='ocrx_word' id='word_1_209' title='bbox 970 3775 1064 3836; x_wconf 87' lang='lat' dir='ltr'><strong>super</strong></span> <span class='ocrx_word' id='word_1_210' title='bbox 1089 3775 1160 3836; x_wconf 89' lang='lat' dir='ltr'><strong>pas·</strong></span> 
     </span>
     <span class='ocr_line' id='line_1_33' title="bbox 120 3852 1162 3939; baseline 0.005 -23"><span class='ocrx_word' id='word_1_211' title='bbox 120 3852 207 3916; x_wconf 82' lang='lat' dir='ltr'><strong>tores</strong></span> <span class='ocrx_word' id='word_1_212' title='bbox 222 3858 296 3917; x_wconf 91' lang='lat' dir='ltr'><strong>tuos</strong></span> <span class='ocrx_word' id='word_1_213' title='bbox 311 3854 360 3917; x_wconf 91' lang='lat' dir='ltr'><strong>tui</strong></span> <span class='ocrx_word' id='word_1_214' title='bbox 389 3855 529 3939; x_wconf 83' lang='lat' dir='ltr'><strong>Spiritus</strong></span> <span class='ocrx_word' id='word_1_215' title='bbox 560 3857 803 3936; x_wconf 87' lang='lat' dir='ltr'><strong>abundantiam,</strong></span> <span class='ocrx_word' id='word_1_216' title='bbox 820 3865 853 3922; x_wconf 88' lang='lat' dir='ltr'><strong>et</strong></span> <span class='ocrx_word' id='word_1_217' title='bbox 879 3857 973 3923; x_wconf 84' lang='lat' dir='ltr'><strong>corda</strong></span> <span class='ocrx_word' id='word_1_218' title='bbox 1003 3878 1111 3921; x_wconf 90' lang='lat' dir='ltr'><strong>eorum</strong></span> <span class='ocrx_word' id='word_1_219' title='bbox 1126 3859 1162 3921; x_wconf 92' lang='lat' dir='ltr'><strong>in</strong></span> 
     </span>
    </p>
   </div>
   <div class='ocr_carea' id='block_1_7' title="bbox 0 0 1290 4410">
    <p class='ocr_par' dir='ltr' id='par_1_14' title="bbox 0 0 1290 4410">
     <span class='ocr_line' id='line_1_34' title="bbox 0 0 1290 4410; baseline 0 0"><span class='ocrx_word' id='word_1_220' title='bbox 0 0 1290 4410; x_wconf 95' lang='lat' dir='ltr'><strong> </strong></span> 
     </span>
    </p>
   </div>
  </div>
 </body>
</html>
