2572 4410
677 357 742 422 202

185 537 235 595 est
248 525 547 594 batrum‘meomm
563 529 684 594 solidus
699 531 794 611 vigor.
842 530 926 594 Tum
948 551 1006 614 ego
1021 553 1093 596 vere
1115 534 1233 599 bonor-

185 639 259 697 atus
292 654 375 709 sum,
405 653 481 697 cum
511 633 648 714 singulis
677 632 857 716 quibusque
885 632 988 697 honor
1017 634 1145 700 debitus
1168 658 1235 702 non

185 733 342 819 negatur.1

228 839 326 902 Porro
341 859 380 901 ex
395 857 542 922 suprema
564 838 621 901 illa
645 837 782 901 Romani
804 837 969 901 Pontificis
990 845 1149 923 potestate
1172 859 1233 923 gn·

183 940 339 1005 hemundi
352 942 533 1005 universam
548 941 726 1003 Ecclesiam
737 941 793 1023 jus
808 939 911 1002 eidem
926 961 996 1004 esse
1011 943 1232 1026 consequitur,

183 1041 333 1126 inhujus
354 1044 405 1106 sui
424 1043 567 1107 muneris
587 1042 735 1105 exercitio
756 1040 854 1104 libere
878 1044 1135 1106 communicandi
1158 1065 1238 1108 cum

184 1145 367 1229 pastoribus
382 1151 414 1208 et
428 1143 578 1228 gregibus
592 1145 693 1207 totius
706 1143 880 1219 Ecclesiae,
897 1150 935 1206 ut
948 1145 1047 1208 iidem
1062 1146 1101 1208 ab
1115 1147 1189 1229 ipso
1198 1148 1237 1210 in

183 1247 235 1310 via
250 1247 363 1310 salutis
387 1247 491 1310 doceri
517 1268 553 1309 ac
577 1247 645 1329 regi
670 1246 806 1328 possint.
853 1247 956 1323 Quare
980 1246 1174 1311 damnamus
1196 1270 1238 1313 ac

183 1349 389 1432 reprobamus
403 1349 532 1412 illomm
555 1349 740 1423 sententias,
758 1348 812 1432 qui
837 1347 921 1411 hanc
947 1350 1090 1432 supremi
1111 1352 1235 1434 capitis

183 1470 257 1514 cnm
280 1451 466 1530 Pastoribus
490 1457 523 1514 et
545 1449 695 1534 gregibus
718 1451 1036 1514 communicationem
1058 1451 1148 1516 licite
1170 1454 1236 1517 im·

183 1553 286 1636 pediri
308 1575 401 1636 posse
416 1553 537 1629 dicunt,
554 1560 610 1616 aut
632 1552 764 1616 eandem
786 1552 925 1616 reddunt
949 1554 1101 1616 saeculari
1124 1560 1236 1637 potes·

183 1656 244 1718 tati
258 1655 438 1732 obnoxiam,
455 1656 501 1718 ita
516 1661 553 1718 ut
567 1654 770 1730 contendant,
788 1676 868 1738 quae
883 1655 922 1717 ab
937 1655 1121 1738 Apostolica
1145 1657 1232 1722 Sede

182 1758 233 1821 vel
247 1759 317 1841 ejus
337 1759 523 1822 auctoritate
548 1756 588 1818 ad
613 1757 755 1839 regimen
782 1755 946 1820 Ecclesiae
974 1758 1235 1835 constituuntur,

181 1860 247 1923 vim
257 1882 292 1923 ac
306 1861 444 1924 valorem
459 1880 524 1923 non
538 1857 665 1935 habere,
676 1858 740 1921 nisi
751 1859 919 1941 potestatis
929 1859 1098 1922 saecularis
1113 1861 1238 1943 placito

182 1963 419 2026 confirmentur.

225 2065 272 2127 Et
292 2066 441 2149 quoniam
464 2064 570 2128 divino
592 2061 769 2146 Apostolici
790 2063 948 2145 primatus
970 2064 1043 2146 jure
1065 2064 1236 2130 Romanus

182 2166 330 2230 Pontifex
359 2167 524 2229 universae
552 2165 715 2229 Ecclesiae
739 2172 873 2249 praeest,
902 2166 1053 2229 docemus
1078 2167 1179 2230 etiam
1203 2175 1236 2231 et

183 2268 390 2344 declaramus,
408 2290 481 2333 eum
497 2289 566 2332 esse
587 2268 725 2351 judicem
749 2264 1121 2350 6111116111111111111611611,2
1144 2275 1176 2332 et
1199 2271 1234 2333 in

183 2371 333 2434 omnibus
348 2372 454 2434 causis
468 2371 508 2433 ad
520 2391 651 2434 examen
674 2370 923 2433 ecclesiasticum
948 2371 1169 2453 spectantibus
1193 2373 1233 2435 ad

183 2473 286 2554 ipsius
309 2493 403 2555 posse
428 2473 587 2557 judicium
617 2473 735 2535 recurri
746 2468 770 2550 ;3
794 2471 886 2536 Sedis
914 2494 987 2537 vero
1016 2473 1231 2556 Apostolicae,

182 2575 274 2657 cnjus
290 2576 476 2638 auctoritate
491 2576 591 2656 major
614 2579 760 2649 nonest,
785 2574 944 2657 judicium
967 2595 986 2636 a
1006 2575 1138 2638 nemine
1164 2574 1232 2639 fore

183 2676 429 2752 retractandum,
447 2696 551 2760 neque
566 2677 714 2759 cuiquam
730 2675 769 2740 de
784 2678 854 2759 ejus
869 2676 963 2740 licere
982 2676 1126 2760 judicare
1144 2678 1231 2760 judi-

182 2775 259 2841 cio.⁴
303 2777 405 2857 Quare
422 2783 540 2841 areoto
565 2779 709 2841 veritatis
733 2779 861 2841 tramite
887 2778 1045 2854 aberrant,
1070 2780 1127 2862 qui
1149 2780 1232 2843 affir-

182 2887 282 2956 mant,
299 2881 392 2944 licere
417 2880 456 2944 ab
470 2881 600 2964 judiciis
615 2880 835 2944 Romanomm
858 2880 1052 2944 Pontificum
1076 2880 1116 2944 ad
1139 2903 1231 2946 oecu-

181 2985 342 3046 menicum
381 2984 561 3047 Concilium
589 2989 752 3066 tamquam
775 2984 815 3046 ad
840 2984 1061 3047 auctoritatem
1085 2982 1232 3049 Romano

182 3083 338 3149 Pontifice
355 3087 551 3169 superiorem
568 3085 738 3168 appellare.

227 3187 263 3250 Si
278 3189 350 3271 quis
365 3189 472 3271 itaque
488 3186 614 3263 dixerit,
627 3184 809 3250 Romanum
821 3186 1010 3250 Pontificem
1026 3186 1144 3252 habere
1160 3194 1231 3254 tan-

181 3289 347 3353 tummodo
363 3289 500 3353 officium
515 3289 725 3372 inspectionis
747 3288 797 3352 vel
820 3287 1015 3365 directionis,
1032 3309 1099 3354 non
1122 3297 1232 3368 autem

180 3394 309 3477 plenam
325 3397 357 3455 et
372 3413 554 3475 supremam
576 3397 770 3475 potestatem
789 3392 1024 3474 jurisdictionis
1046 3395 1081 3455 in
1105 3395 1232 3461 univer·

182 3517 250 3560 sam
277 3494 467 3569 Ecclesiam,
495 3515 560 3557 non
585 3493 690 3557 solum
715 3495 750 3557 in
776 3496 883 3571 rebus,
909 3517 990 3578 quaa
1012 3495 1052 3559 ed
1077 3495 1177 3560 fidem
1201 3508 1232 3564 et

181 3618 298 3673 mores,
317 3596 374 3660 sed
396 3599 492 3661 etiam
507 3599 541 3661 in
563 3597 615 3672 iis,
633 3618 713 3680 quae
738 3597 777 3659 ad
801 3598 1004 3682 disciplinam
1027 3605 1061 3661 et
1085 3599 1231 3682 regimen

211 3778 220 3807 ¹
234 3778 282 3840 Ep.
295 3777 327 3825 ad
339 3776 431 3839 Eulog.
448 3775 615 3826 Alexandrin.
627 3776 645 3824 1.
656 3775 709 3826 viii.
722 3792 834 3842 epm.

212 3857 223 3888 ¹
234 3858 275 3906 Pii
287 3857 337 3905 ΡΡ.
349 3857 394 3905 VI.
406 3858 495 3915 Breve,
507 3858 589 3919 Super
600 3856 738 3916 soliditate,
751 3858 775 3908 d.
790 3860 822 3906 28
835 3859 900 3907 Nov.
913 3859 986 3909 1786.

209 3935 221 3967 ⁸
233 3933 557 3998 Conoll.OEcum.Lugdm.
568 3936 605 3986 II.
617 3936 860 4000 .⁴Ep.NicolaiI.ad
868 3939 1022 3990 Michaelem
1030 3941 1231 4005 Imperatorem.
