2572 4410
670 267 713 335 14

227 532 463 611 EDICTUM
487 531 911 613 OONVOOATIONIS
939 532 1147 613 SYNODI.
1215 623 1217 627 ¹

583 854 775 934 PAULUS,

200 979 273 1042 Tm.
291 977 326 1041 S.
342 974 450 1041 Purnr
463 994 499 1040 m
513 975 636 1039 Mor-m
651 973 780 1053 Anaua,
798 976 830 1040 S.
847 977 887 1040 R.
903 974 947 1041 E.
963 976 1173 1058 Pansam,

415 1088 687 1156 GARDINALIS
709 1087 903 1166 GULLEN,

154 1208 352 1262 mammona
368 1205 480 1260 Drvnm
497 1218 532 1257 nr
549 1203 631 1258 sams
642 1202 837 1258 Mastousia
849 1216 955 1257 anam
966 1203 1215 1263 Aucmnrlscorus

348 1292 553 1360 Duaunrmsrs,
567 1290 732 1344 Hmmmm
749 1290 867 1359 Pamas,
879 1303 948 1357 mu,
962 1302 1022 1346 me

176 1451 445 1515 Vnrnnmmmus
455 1448 730 1512 Aacnmnrscoms
743 1466 787 1512 nr
801 1447 975 1512 Eruscoms
989 1447 1195 1527 Hmnnnnn,

329 1571 479 1618 amaran
499 1570 536 1614 nr
557 1550 704 1615 Domo.

191 1671 267 1737 (lun
296 1668 422 1736 duobus
447 1671 572 1735 circiter
599 1669 716 1733 abhinc
745 1668 839 1733 annis
859 1667 1015 1755 Episcopi
1033 1669 1211 1736 Hiberniae

154 1775 191 1839 in
216 1780 374 1840 conventu
397 1773 532 1837 Dublini
552 1771 662 1836 habito
684 1772 852 1835 certiorem
876 1772 1005 1836 Sacram
1029 1773 1211 1856 Congrega·

154 1878 276 1942 tionem
300 1876 340 1940 de
363 1872 572 1959 Propaganda
593 1873 675 1938 Fide
696 1874 847 1938 fecissent
863 1875 925 1939 sibi
938 1876 973 1939 in
988 1876 1072 1940 votis
1086 1897 1156 1940 esse
1172 1884 1212 1942 ut

154 1980 296 2064 plenaria
319 1978 419 2063 hujus
443 1977 583 2062 regionis
609 1974 756 2060 Synodus
778 1976 999 2056 celebraretur,
1018 1979 1116 2042 Sffius
1140 1979 1210 2045 Dn.

153 2083 197 2149 N.
213 2082 293 2147 Pius
308 2081 373 2145 ΡΡ.
389 2079 450 2147 ΙΧ.
465 2102 577 2146 eorum
600 2079 757 2145 desiderio
780 2081 988 2144 annuendum
1005 2082 1210 2161 existimans,

153 2187 271 2251 litteris
286 2184 469 2270 apostolicis
484 2185 536 2249 die
549 2183 715 2268 trigesimo
730 2183 821 2258 Maii,
839 2183 936 2262 1873,
955 2183 1051 2262 datis,
1067 2190 1210 2268 potesta·

153 2295 222 2352 tem
249 2288 348 2353 nobis
365 2288 501 2351 contth
523 2294 561 2351 ut
586 2285 746 2372 ejusmodi
770 2286 935 2369 Synodum
950 2307 1208 2366 convocaremus,

154 2391 247 2474 eique
261 2397 299 2453 ut
313 2388 479 2472 delegatus
503 2389 710 2472 Apostolious
734 2408 957 2470 praeessemus.
1001 2389 1211 2473 Exemplaria

154 2512 264 2556 earum
279 2492 459 2554 litterarum
472 2491 559 2573 typis
573 2491 659 2553 edita
682 2489 723 2552 ad
746 2509 857 2553 omnes
882 2488 1061 2575 Episcopos
1080 2493 1209 2576 jamdiu
1265 2489 1268 2496 ’

153 2594 304 2658 misimus
316 2617 326 2673 ;
370 2613 481 2656 verum
523 2592 673 2675 plurimis
719 2584 828 2654 rerum
864 2592 1024 2676 adjunctis
1059 2596 1211 2679 impediti

155 2695 320 2778 Synodum
343 2694 398 2758 diu
420 2699 562 2779 optatam
588 2693 723 2758 antehac
744 2715 810 2758 non
838 2696 1003 2778 potuimus
1025 2718 1208 2763 convocare.

154 2797 249 2863 Nunc
263 2819 336 2861 vero
350 2798 483 2862 remotis
498 2796 648 2861 omnibus
662 2818 742 2881 quae
757 2797 937 2874 obstabant,
947 2804 1105 2882 potestate
1113 2801 1209 2866 nobis

153 2901 193 2965 ab
222 2897 406 2984 Apostolioa
436 2900 518 2964 Sede
546 2898 683 2983 benigne
713 2921 863 2964 concessa
885 2907 1015 2965 utentes
1042 2902 1208 2985 Synodum

152 3003 329 3088 plenariam
343 3003 488 3068 omnium
504 3001 679 3066 Hiberniae
693 3001 1013 3087 Archiepiscoporum
1025 3010 1058 3068 at
1071 3005 1207 3088 Episco-

152 3125 267 3189 porum
292 3105 466 3170 indicimus
479 3105 690 3170 inchoandam
705 3105 757 3169 die
782 3105 1043 3191 decimoseptimo
1064 3107 1208 3190 Augusti

151 3207 296 3292 proxime
324 3208 448 3272 venturi
476 3207 511 3271 in
540 3207 672 3291 collegio
701 3208 910 3291 Maynutiano
938 3215 971 3273 et
997 3210 1207 3294 sequentibus

150 3309 265 3375 diebus
278 3307 532 3394 prosequendam
546 3309 645 3374 donec
660 3310 700 3376 ad
714 3311 812 3375 finem
834 3309 1037 3395 perducatur.
1092 3309 1205 3378 Caete-

152 3432 225 3477 rum
261 3410 494 3478 venerabilibns
530 3411 704 3477 Hiberniae
733 3414 946 3497 praesulibus,
984 3435 1122 3499 quorum
1152 3438 1208 3480 cor

151 3533 254 3579 unum
277 3520 309 3582 at
332 3513 440 3580 anima
461 3533 525 3579 aaa
547 3518 606 3592 ast,
623 3515 822 3580 occasionem
842 3517 921 3581 haec
945 3517 1092 3601 synodus
1113 3502 1205 3601 prac-

151 3614 240 3683 bebit
255 3637 318 3702 qua
339 3636 420 3702 opus
435 3614 549 3700 viginti
572 3615 712 3703 quinqua
735 3616 852 3683 abhinc
874 3620 968 3683 annis
988 3640 1105 3703 magno
1129 3642 1205 3686 cum

151 3718 258 3785 fructu
281 3738 299 3783 a
321 3714 447 3805 synodo
473 3716 683 3783 tarataram
706 3719 890 3806 incoeptum
912 3729 1146 3806 prosequantur
1172 3731 1206 3789 et

151 3820 341 3905 compleant,
369 3819 488 3888 abusus
512 3820 545 3887 la
569 3819 739 3907 ‹llarripliaa
760 3823 974 3887 aeclesiastica
990 3826 1018 3888 si
1038 3826 1094 3909 qui
1104 3827 1204 3910 irrep·

151 3922 252 3990 serint
274 3922 440 4012 corripuit,
456 3922 605 3993 oooloalao
627 3920 701 4012 jara
727 3931 886 4007 tactatur,
906 3926 1104 3992 Catholicam
1127 3930 1203 3993 soli.
