2572 4410
662 357 728 424 274

171 554 261 596 mum
276 551 295 592 a
308 529 384 594 dato
399 528 513 604 edicto,
530 531 565 592 in
580 550 682 592 unum
698 534 847 592 convocet
861 548 982 603 omnes,
998 527 1040 590 ad
1055 548 1136 611 quos
1151 546 1228 610 per·

170 635 288 699 tinebit
305 635 438 697 Summo
454 632 603 695 Pontifici
619 631 841 694 commendare
855 637 920 694 tres
935 631 1051 712 dignos
1059 631 1220 693 ecclesias·

171 737 229 799 tici
244 736 369 805 ordinis
384 736 479 809 viros,
496 753 633 816 quorum
649 753 735 795 uuus
761 753 781 794 a
805 732 938 795 Summo
952 730 1111 794 Pontifice
1122 733 1214 794 Dioc-

171 839 236 901 cesi
273 837 400 899 vacanti
436 835 648 917 praeficiatur.
706 833 769 908 Qui
809 834 876 896 sint
912 833 938 895 ii
971 833 1028 914 qui
1057 832 1213 895 convocari

170 935 298 1012 debent,
315 955 379 1020 qua
395 938 429 998 in
444 936 545 998 forma
559 933 753 997 convocandi
774 935 851 1010 sint,
868 932 1004 996 habetur
1018 954 1060 996 ex
1075 932 1211 1016 sequenti

171 1038 382 1120 expositione.

110 1120 124 1182 ¹·
214 1139 277 1219 Qui
292 1142 326 1203 iu
342 1139 500 1203 Hibernia
513 1143 741 1219 nuncupantur
755 1136 899 1212 Perochi,
916 1137 1038 1201 scilicet
1052 1137 1160 1201 clerici
1179 1135 1214 1202 ad

172 1243 316 1307 ordinem
345 1240 578 1306 Sacerdotalem
603 1240 713 1314 evecti,
735 1259 942 1302 censurarum
965 1239 1141 1315 immunes,
1168 1240 1216 1322 qui

171 1343 351 1424 parochiae,
368 1363 426 1406 sen
447 1341 670 1425 parochiarum
694 1343 869 1416 unitarum,
886 1342 1004 1404 actuali
1028 1363 1065 1404 ac
1093 1339 1217 1426 pacifica

170 1445 373 1526 possessione
396 1444 568 1526 gaudeant,
587 1445 627 1508 ad
650 1447 778 1509 comitia
803 1445 999 1509 convocandi
1023 1452 1114 1509 sunt.
1159 1445 1219 1510 Ubi

170 1565 244 1606 vero
268 1543 358 1606 adeat
374 1543 563 1626 capitulum,
579 1545 835 1608 convocabuntur
854 1566 928 1608 cum
949 1544 1104 1609 Perochis
1124 1548 1217 1610 etiam

172 1640 338 1706 Canonici.
384 1640 541 1721 Vicarius,
567 1645 670 1708 edicto
700 1644 940 1728 Metropolitani
972 1652 1114 1729 accepto,
1139 1648 1221 1710 intra

171 1749 242 1810 octo
271 1747 340 1810 dies
364 1747 508 1829 singulos
530 1748 735 1830 presbyteros
761 1768 858 1830 supra
887 1749 1080 1830 designatos,
1106 1750 1222 1814 litteris

172 1851 300 1933 scriptis
323 1851 507 1914 admonebit
529 1858 567 1914 ut
589 1851 660 1914 loco
684 1852 822 1933 quodam
844 1853 1036 1933 opportuno,
1052 1853 1091 1914 in
1113 1852 1222 1916 eadam

171 1951 350 2018 monitione
379 1955 569 2017 nominatim
599 1955 806 2038 exprimendo
836 1955 944 2017 adsint
973 1952 1025 2017 die
1053 1955 1090 2016 in
1121 1955 1223 2018 edicto

172 2058 412 2142 Metropolitum
435 2064 565 2133 statuto,
590 2058 630 2120 ad
654 2057 858 2120 tractandum
888 2057 928 2120 de
952 2057 1081 2140 negotio
1104 2058 1222 2121 ibidem

172 2161 342 2243 descripto.
388 2159 654 2242 Metropolitanus
669 2161 749 2243 ipse,
765 2160 815 2223 vel
830 2180 915 2222 unus
942 2159 981 2222 da
1008 2159 1223 2242 Suffraganeis

172 2265 242 2344 ejus
258 2264 414 2345 episcopis
441 2263 480 2326 ab
504 2264 574 2345 ipso
600 2263 775 2345 delegatus,
801 2263 941 2325 comitiis
963 2262 1169 2344 praesidebit,
1193 2270 1224 2326 et

173 2366 263 2428 nulla
284 2387 424 2447 prorsus,
448 2373 480 2428 et
503 2366 642 2428 invalida
667 2364 813 2428 habenda
836 2371 913 2428 sunt
936 2364 1056 2427 ibidem
1080 2372 1163 2441 acta,
1193 2371 1224 2428 et

174 2474 305 2544 statuta,
322 2489 386 2530 non
403 2475 525 2531 servata
548 2468 649 2530 forma
673 2489 769 2549 supra
794 2467 936 2542 definita,
963 2467 1088 2530 sivein
1112 2489 1225 2532 convo-

173 2570 283 2645 cand0,
301 2571 416 2633 sivein
439 2571 632 2633 moderando
655 2577 824 2633 conventu.
870 2568 1021 2632 Perochis
1048 2571 1225 2653 ceterisque

173 2671 344 2752 dequibus
360 2693 463 2754 supra,
480 2673 531 2735 die
546 2679 579 2735 et
601 2672 669 2735 loco
685 2673 827 2747 statutis,
843 2692 938 2734 mane
962 2672 997 2733 iu
1021 2692 1126 2734 unum
1152 2693 1225 2736 con·

174 2774 324 2855 gregatis,
347 2775 450 2837 Missa
479 2775 631 2838 solemnis
661 2775 700 2838 de
731 2775 853 2856 Spiritu
884 2774 999 2836 Sancto
1028 2774 1225 2840 celebretur:

174 2875 337 2957 Missaque
359 2875 461 2952 finita,
485 2875 617 2940 Praeses
644 2899 739 2959 super
762 2876 917 2939 aedilem
941 2873 1048 2938 medio
1073 2876 1227 2940 ecclesiae

174 2977 333 3053 ascendet,
350 2979 571 3062 omnibusque,
589 3000 725 3062 qnorum
740 2977 824 3040 nihil
850 2978 995 3053 interest,
1011 2978 1097 3041 exire
1109 2980 1225 3061 jussis,

173 3080 357 3163 foribusque
372 3081 522 3144 ecclesiae
537 3082 666 3158 clausis,
682 3081 827 3145 Vicarius
850 3081 1030 3162 catalogum
1055 3081 1226 3143 nominum

174 3184 320 3246 omnium
336 3183 549 3247 Parecborum
564 3191 597 3247 et
618 3185 861 3258 canonicorum,
881 3183 910 3246 si
925 3183 1010 3246 adsit
1033 3183 1079 3245 ibi
1103 3184 1227 3265 capitu·

174 3286 254 3360 lum,
285 3286 438 3348 dioecesis
467 3287 609 3349 vacantis
639 3285 781 3350 Praesidi
810 3286 924 3360 tradet,
955 3284 1011 3367 qni
1040 3285 1228 3348 eorumdem

174 3389 315 3461 nomina,
332 3389 416 3450 clara
437 3409 473 3451 ac
495 3389 648 3451 distincta
669 3410 753 3464 voce,
779 3410 797 3450 a
821 3387 995 3451 secretario
1018 3407 1076 3449 auo
1098 3387 1229 3451 recitari

174 3490 350 3565 mandabit,
366 3496 399 3552 et
424 3491 597 3572 unicuique
620 3512 739 3566 eorum,
756 3497 926 3573 postquam
951 3489 1075 3551 nomini
1095 3510 1228 3572 respon·

175 3591 267 3666 derit,
299 3591 407 3655 sedem
436 3593 596 3675 propriam
618 3593 805 3675 assignabit.
853 3590 888 3658 Si
921 3613 1007 3654 unns
1029 3597 1085 3654 aut
1116 3591 1229 3674 plures

175 3691 309 3756 Parochi
340 3694 456 3769 absint,
484 3716 611 3777 praeses
635 3716 653 3756 a
679 3695 805 3759 Vicario
825 3695 1045 3777 probationem
1068 3694 1228 3776 exquiret,

175 3795 361 3858 absentibus
384 3796 454 3858 aine
477 3795 587 3860 fraude
609 3798 749 3861 edictum
776 3796 887 3873 fuisse,
904 3803 937 3859 et
959 3797 1018 3860 tali
1040 3796 1230 3878 probatione

174 3896 326 3975 admissa,
351 3896 496 3962 absentia
526 3901 667 3983 cujusvis
703 3900 841 3978 numeri,
872 3900 966 3964 modo
1003 3904 1116 3982 quarta
1151 3920 1230 3983 pars
