2572 4410
569 111 634 178 253

17 265 208 354 ¹ficorum
233 285 392 351 haeresim
414 290 667 371 propugnantes,
687 305 746 350 nec
771 304 838 350 non
863 282 962 352 libros
986 283 1128 369 cujusvis

24 391 210 456 Quemne
242 411 299 474 per
337 389 537 474 Apostolioas
565 388 689 453 litteras
722 389 917 453 nominatim
939 388 1128 474 prohibitos,

33 494 263 577 eosdemque
287 490 387 558 libros
401 493 588 571 retinentes,
611 490 832 576 imprimentes
846 497 880 556 et
894 491 1130 576 quomodolibet

44 587 294 661 defendentes.

109 700 148 764 8.
162 697 390 762 Schismaticos
401 703 496 764 etecs
507 699 563 782 qui
572 717 593 762 a
602 696 740 762 Romani
749 694 977 782 Pontificispro
987 698 1131 782 tempore

54 801 240 867 existentis
252 798 432 865 obedientia
441 802 646 886 pertinaciter
656 822 689 865 se
702 798 1128 879 subtrahunt‚velrecednnt.

109 896 146 967 4.
175 901 296 968 Omnes
311 908 344 967 et
359 903 514 988 singulos,
538 901 769 986 cujuscumque
796 907 911 980 status,
933 903 1051 986 gradm
1072 925 1129 968 sen

61 1006 267 1072 conditionis
292 1005 424 1084 fuerint,
442 1004 481 1069 ab
508 1004 767 1071 ordinationibus
795 1025 853 1080 seu
879 1003 1041 1070 mandatis
1065 1005 1128 1071 Ro·

63 1130 240 1174 manorum
255 1107 452 1173 Pontificum
467 1130 524 1193 pro
546 1114 688 1192 tempore
715 1109 923 1173 existentium
942 1108 983 1173 ed
1004 1109 1129 1173 univer·
1225 1118 1230 1135 ⁸

66 1212 138 1277 sale
152 1213 298 1276 futurum
315 1212 496 1277 Concilium
511 1210 718 1294 appellantes,
742 1231 802 1275 nec
822 1233 887 1277 non
911 1230 976 1291 eos,
993 1214 1130 1296 quorum

67 1314 201 1392 auxilio,
219 1315 352 1380 consilio
366 1316 417 1379 vel
431 1314 540 1378 lavore
555 1313 758 1397 appellatum
771 1313 880 1379 fuerit.

113 1418 146 1480 5.
175 1415 297 1482 Omnes
320 1416 562 1494 interficientes,
586 1417 784 1496 mutilantes,
801 1418 1026 1502 percutientes,
1043 1418 1130 1503 capi·

66 1525 174 1597 entes,
205 1526 412 1597 carcerantes‚
440 1519 633 1598 detinentes,
661 1519 712 1584 vel
736 1520 898 1585 hostiliter
923 1521 1131 1604 insequentes

69 1622 106 1686 S.
122 1622 164 1687 R.
185 1623 228 1688 E.
246 1623 444 1700 Oardinales,
462 1620 680 1701 Patriarchas,
697 1622 972 1707 Arehiepisoopos,
996 1623 1129 1706 Episco-

66 1745 139 1810 pos,
159 1723 313 1810 Sedisque
332 1725 536 1810 Apostolicae
553 1726 704 1808 Legatos,
721 1726 771 1791 vel
786 1726 940 1804 Nunoios,
957 1730 1014 1788 aut
1036 1744 1091 1789 eos
1111 1747 1131 1789 a

66 1828 138 1892 suis
148 1826 368 1905 Dioeoesibus,
381 1828 572 1905 Territoriis,
583 1829 701 1906 Terris,
711 1850 768 1894 seu
780 1829 942 1893 Dominiis
953 1824 1128 1910 ejicientes,

66 1950 128 1994 nec
154 1953 218 1996 non
242 1953 280 1995 ea
303 1930 504 2007 mandantes,
521 1931 570 1996 vel
590 1937 659 1995 rata
674 1931 842 2011 habentes,
860 1949 917 1996 seu
931 1935 1130 2017 praestantes

66 2033 167 2097 ineis
183 2031 352 2110 auxilium,
369 2034 541 2098 consilium
555 2034 605 2098 vel
621 2035 771 2099 favorem.

112 2135 144 2199 6.
169 2135 385 2216 Impedientes
400 2136 520 2201 directe
535 2136 586 2200 vel
609 2137 764 2201 indirecte
779 2139 967 2201 exercitium
977 2136 1126 2221 jurisdic-

65 2236 167 2301 tionis
181 2239 413 2302 ecolesiasticae
429 2239 495 2302 sive
510 2238 629 2301 interni
646 2230 711 2301 sire
735 2239 857 2302 externi
873 2239 943 2315 fori,
960 2243 993 2301 et
1008 2238 1048 2301 ad
1069 2236 1130 2301 hoc

64 2341 267 2404 recurrentes
279 2340 319 2403 ad
328 2341 432 2404 forum
443 2340 602 2404 saeculare
611 2342 743 2426 ejusque
752 2341 903 2405 mandata
911 2345 1128 2424 procurantes,

66 2441 210 2521 edentes,
229 2449 285 2506 aut
301 2443 468 2519 auxilium,
483 2442 654 2507 consilinm
669 2443 719 2507 vel
731 2445 868 2509 favorem
883 2449 1091 2528 praestantes.

110 2549 143 2613 7.
170 2547 327 2629 Oogentes
344 2548 410 2611 sive
433 2546 561 2624 directe,
580 2549 645 2610 sive
670 2548 825 2612 indirecte
837 2544 963 2631 judices
977 2547 1075 2611 laicos
1090 2545 1131 2611 ad

65 2647 261 2713 trahendum
278 2650 317 2713 ad
333 2671 428 2713 suum
444 2648 585 2712 tribunal
599 2671 750 2735 personas
760 2651 990 2715 ecclesiasticas
1005 2653 1129 2733 praeter
1227 2639 1229 2643 ἲ

65 2752 236 2816 canonicas
266 2752 507 2836 dispositiones:
541 2753 620 2816 item
650 2754 779 2818 edentes
808 2753 895 2837 leges
924 2752 975 2816 vel
1004 2752 1129 2816 decreta

66 2858 177 2917 contra
191 2853 373 2917 libertatem
388 2856 443 2918 aut
455 2853 530 2937 jura
544 2856 719 2920 Ecclesiae.

110 2956 143 3020 8.
167 2956 378 3021 Recurrentes
401 2958 441 3020 ad
470 2957 585 3020 laicam
614 2958 807 3041 potestatem
837 2957 877 3020 ad
907 2955 1127 3039 impediendas

65 3057 192 3121 litteras
206 3060 256 3122 vel
272 3065 341 3123 acta
356 3060 518 3145 quaelibet
544 3082 562 3123 a
584 3060 664 3124 Sede
689 3059 883 3144 Apostolica,
905 3058 955 3122 vel
981 3057 1020 3121 ab
1042 3059 1126 3142 ejus·

65 3158 141 3223 dem
156 3161 289 3245 Legatis
310 3169 369 3226 aut
383 3162 550 3247 Delegatis
566 3162 821 3247 quibuscumque
836 3162 978 3246 profecta
1001 3181 1125 3224 eorum·

65 3283 129 3346 que
144 3264 432 3348 promulgationem
447 3267 497 3329 vel
519 3267 738 3330 executionem
763 3266 881 3328 directe
902 3264 953 3328 vel
973 3263 1128 3327 indirecte

62 3362 283 3449 prohibentes,
301 3374 357 3430 aut
380 3390 489 3432 eorum
505 3390 600 3432 causa
616 3370 681 3433 sive
705 3370 792 3454 ipsas
818 3372 934 3455 partes,
957 3367 1022 3430 sive
1046 3366 1127 3431 ahos

63 3464 237 3546 laedentes,
254 3469 304 3533 vel
318 3471 623 3554 perterrefacientes.
1225 3464 1228 3468 ⁴

110 3572 142 3635 9.
166 3569 287 3636 Omnes
301 3573 445 3638 falsarios
468 3575 649 3638 litterarum
675 3572 941 3658 Apostolicorum,
969 3572 1067 3635 etiam
1089 3571 1126 3635 in

63 3668 167 3737 forma
180 3673 296 3740 Brevis
311 3696 347 3740 ac
370 3677 641 3762 supplicationum
656 3677 792 3760 gratiam
806 3675 1030 3760 adjustitiam
1052 3695 1125 3740 con·
