2572 4410
620 318 664 384 80

156 508 210 570 58.
235 505 329 569 Sacra
344 502 488 588 supellex
504 503 539 566 in
549 501 610 567 hoo
621 502 788 566 incruento
801 478 960 564 Sacrificio
972 497 1162 575 adhibenda,

113 609 143 675 si
156 609 305 693 pretiosa,
322 612 360 672 ut
373 628 431 692 par
445 611 540 682 11111,
556 603 667 668 haberi
688 607 836 688 nequeat,
851 601 973 666 munda
987 601 1102 666 saltem
1125 608 1159 665 11

113 714 215 778 nitida
241 713 295 790 sit,
324 719 357 777 11
397 709 614 777 convenientis
648 709 798 772 materiae
827 712 860 770 ct
896 706 1163 790 praescriptorum

113 818 277 884 colorum:
301 838 365 882 non
403 814 539 893 sordida,
566 834 631 878 non
662 812 813 890 obsoleta,
844 833 948 896 neque
977 811 1161 876 indecenter

112 929 282 1007 compacta
327 920 481 1005 Episcopi
506 919 660 983 mandent
683 919 751 983 suis
778 917 914 981 Vicariis
937 916 1103 992 Eoraneis,
1128 921 1166 979 ut

115 1047 180 1089 uon
194 1027 297 1090 solum
320 1031 461 1109 tempora
475 1024 677 1100 visitationis,
695 1024 752 1087 sed
766 1029 799 1087 11
813 1023 885 1088 aliis
901 1024 996 1087 statis
1011 1023 1167 1104 tempori-

114 1127 187 1205 bus,
203 1128 396 1192 denuncient
418 1125 596 1191 sacerdotes
618 1145 698 1210 quos
720 1125 779 1189 hac
800 1126 835 1189 in
857 1147 892 1190 rc
910 1126 1047 1208 graviter
1062 1128 1165 1210 negli-

113 1237 227 1314 gentes
242 1228 516 1314 deprehenderint.
1074 1225 1075 1229 ’

157 1336 207 1399 59.
232 1334 353 1398 Calices
380 1334 446 1398 sint
468 1334 555 1397 aurei
581 1333 630 1396 vel
654 1333 818 1417 argentei:
841 1333 892 1397 vel
919 1333 1033 1398 saltem
1056 1356 1163 1420 cuppa

113 1457 194 1521 quae
209 1435 301 1499 debet
316 1455 387 1500 essa
401 1436 491 1499 intus
506 1435 667 1513 deaurata,
685 1436 728 1500 sit
742 1440 900 1519 argentea.

158 1539 209 1601 60.
232 1537 324 1601 Nulli
337 1536 459 1620 lapides
471 1538 551 1601 sacri
562 1538 597 1599 in
611 1543 775 1620 postorum
787 1544 1009 1602 consecrentur
1019 1540 1085 1603 nisi
1096 1541 1166 1604 sint

108 1642 216 1726 justae
230 1639 463 1724 magnitudinis
478 1646 510 1704 et
525 1641 689 1705 commode
704 1641 845 1718 calicem,
863 1662 985 1706 sacram
1006 1642 1163 1724 hostiam,

113 1750 146 1807 11
160 1743 308 1826 pyxidem
328 1743 491 1808 continere
506 1742 642 1807 valcant.

157 1848 209 1912 61.
235 1847 318 1911 (lum
333 1846 436 1911 Missa
451 1844 635 1923 celebratur,
653 1846 828 1911 colluceant
851 1846 936 1912 duae
955 1848 1068 1913 saltem
1091 1871 1169 1915 can-

114 1951 202 2015 delae
213 1972 328 2015 ocreae.

157 2057 210 2121 62.
233 2055 410 2119 Maximam
424 2054 623 2139 diligentiam
639 2054 811 2119 adhibeant
827 2056 1005 2121 sacerdotes
1020 2063 1057 2126 ut
1071 2063 1169 2143 panis

112 2159 344 2223 consecrandus
360 2160 403 2223 sit
417 2178 536 2235 recens,
552 2175 653 2240 purus
665 2162 697 2220 11
712 2158 814 2221 albus.
856 2158 992 2222 Hostiae
1006 2180 1063 2243 pro
1079 2183 1168 2226 com-

113 2263 266 2325 munione
280 2261 390 2345 populi
402 2264 467 2325 sint
478 2260 632 2324 rotundae
644 2265 676 2323 11
688 2280 752 2322 non
764 2260 861 2322 nimis
876 2282 998 2343 parvae.
1043 2263 1169 2329 Curcnt

112 2368 265 2450 Episcopi
279 2371 317 2430 ut
337 2367 418 2429 ratio
441 2366 546 2449 aliqua
569 2364 758 2428 adhiheatur
784 2366 978 2448 quarinum
1003 2367 1166 2432 sincerum

113 2491 169 2552 pro
184 2469 304 2531 Missae
316 2467 524 2530 celebratione
535 2467 726 2544 obtineatur,
738 2472 837 2549 utque
847 2468 1025 2532 sacerdotes
1036 2470 1166 2537 nullum

114 2573 202 2638 aliud
216 2571 397 2636 adhibeant.
443 2570 491 2634 Ob
506 2572 703 2653 frequentem
713 2572 947 2655 corruptionem
959 2576 1030 2636 tum
1042 2575 1165 2638 farinae

113 2679 254 2743 triticeae
276 2682 348 2740 tum
369 2675 436 2740 vini
458 2696 539 2759 quac
560 2674 655 2739 hodie
672 2676 805 2753 obtinet,
821 2675 881 2739 hoo
898 2681 1056 2742 statutum
1074 2681 1166 2743 omni

115 2783 218 2865 rigore
233 2778 412 2864 urgendum
427 2784 488 2843 111.

160 2884 212 2946 63.
236 2883 276 2944 In
291 2881 416 2964 oppidis
431 2880 487 2946 uhi
501 2880 592 2945 adest
606 2881 695 2964 copia
706 2880 911 2944 Sacerdotum
922 2881 1024 2945 Missa
1034 2884 1076 2946 sit
1088 2904 1166 2966 quo·

115 2988 236 3052 tidiana
251 2993 284 3050 11
297 2985 375 3050 hor'a
390 2985 462 3062 fixe,
479 2984 519 3048 ad
530 2985 697 3049 fovendam
711 2985 865 3067 pictatem
880 2983 1036 3050 fidelium.

161 3090 213 3153 64.
237 3089 358 3172 Missae
388 3093 461 3170 post
498 3087 663 3150 meridiem
693 3107 757 3149 non
794 3085 1002 3166 celebrentur,
1034 3107 1093 3152 nec
1130 3090 1167 3153 in

117 3191 251 3256 aedibus
280 3192 415 3274 privatis
443 3187 510 3254 nisi
539 3191 578 3253 dc
609 3186 739 3272 speciali
769 3194 802 3252 et
831 3209 981 3272 expressa
1010 3189 1169 3276 Episcopi

118 3292 257 3359 licentia.

163 3399 214 3460 65.
238 3398 278 3459 In
295 3416 382 3460 sacro
396 3395 574 3478 peragendo
596 3395 704 3458 nullus
721 3395 865 3459 sacerdos
888 3395 1059 3459 saecularis
1081 3398 1167 3461 ritus

49 3513 51 3516 ’
118 3507 196 3570 ahos
211 3513 266 3571 aut
288 3506 365 3568 11111
387 3503 599 3567 caeremonias
622 3508 654 3566 11
674 3522 783 3585 preces
806 3502 953 3566 adhibeat
967 3509 1090 3587 praeter
1113 3526 1168 3570 eas

118 3631 197 3692 quae
212 3611 246 3672 in
261 3608 387 3672 Missali
402 3607 546 3670 Romano
561 3605 828 3688 praescribuntur.

163 3712 215 3775 66.
240 3713 342 3775 Onera
355 3715 505 3793 perpetua
520 3709 693 3776 Missurum
709 3731 727 3772 1
741 3709 829 3772 nullo
844 3715 965 3772 rectore
987 3709 1165 3789 Ecclesiae,
1184 3698 1187 3702 ⁵

118 3815 249 3877 11111111
265 3813 425 3879 sacerdote
448 3812 600 3876 saeculari
623 3813 849 3895 suscipiantur,
866 3813 930 3875 nisi
955 3814 1102 3896 specialis
1126 3815 1167 3878 ab

120 3919 189 4000 ejus
201 3917 368 3981 Ordinerio
383 3916 422 3980 ad
436 3915 470 3979 id
485 3936 632 3980 concessa
644 3916 738 3979 fuerit
752 3915 892 3979 licentia.
