2572 4410
581 320 648 388 268

331 653 740 740 APPENDIX
800 653 912 740 XI.

465 834 783 908 mmmmm

92 1259 156 1325 DE
197 1255 436 1322 PROBANDO
480 1251 624 1321 STATU
665 1251 832 1318 LIBERO
872 1253 1035 1320 EORUM
1071 1254 1151 1334 QUI

181 1381 514 1451 MATRIMOMUM
543 1381 844 1448 CONTRAHERE
875 1383 1069 1449 VOLUNT.

608 1570 637 1642 I.

490 1708 759 1778 INSTRUGTIO

95 1855 158 1904 PRO
193 1856 341 1904 nnuma
378 1856 525 1902 Iunonum
554 1856 708 1914 rusulum,
748 1857 806 1912 QUI
842 1856 1054 1903 mnuouuuun
1090 1859 1152 1906 Pae

162 1957 412 2006 CONTRAHENDIS
434 1948 662 2018 marmoreus,
686 1959 752 2004 TAM
773 1961 810 2006 IN
833 1960 931 2006 eumn
955 1961 1152 2009 numanum·

161 2061 234 2108 sum
254 2063 299 2107 ΕΤ
320 2063 599 2110 unvunnnmssnss
620 2064 654 2108 D.
678 2061 879 2122 emmena,
901 2063 999 2109 URBIS
1020 2063 1153 2124 VIOARII,

162 2167 253 2223 QUAM
274 2166 310 2212 IN
332 2167 419 2212 runs
441 2166 551 2213 eunus
574 2165 789 2214 arumnorum
812 2167 1071 2212 ORDINARIORUM.

141 2282 182 2348 In
197 2285 335 2370 primis:
361 2285 469 2350 Testis
495 2290 665 2350 moneatur
679 2285 718 2348 de
733 2286 888 2369 gravitate
907 2285 1094 2369 juramenti,
1118 2285 1154 2348 in

96 2387 160 2452 hoe
182 2388 371 2471 praesertim
386 2389 516 2473 negotio
530 2388 788 2473 pertimescendi,
804 2389 839 2451 in
855 2409 918 2472 quo
933 2387 1041 2452 divina
1056 2387 1156 2454 simul

99 2496 133 2554 et
147 2489 290 2555 humana
304 2492 456 2575 majestas
478 2490 625 2569 laeditur,
643 2491 683 2556 ob
697 2491 754 2568 rei,
772 2482 811 2554 de
827 2512 889 2574 qua
911 2496 1077 2568 tractatur,
1093 2491 1154 2554 im·

100 2593 308 2676 persentiam,
325 2599 358 2657 et
381 2594 594 2678 gravitatem3
618 2600 651 2658 et
675 2593 760 2678 quod
774 2593 924 2657 imminet
946 2613 1049 2676 poena
1063 2594 1154 2658 trire-

100 2696 204 2758 mium
219 2702 252 2760 et
266 2696 487 2779 instigationis
503 2697 675 2782 deponenti
689 2697 819 2761 falsum.
1005 2779 1009 2785 ᾗ

144 2796 191 2860 Π.
215 2796 436 2881 interrogetur
461 2799 501 2863 de
524 2800 666 2879 nomine,
692 2800 892 2883 cognomine,
908 2800 1022 2884 patria,
1039 2805 1153 2877 aetate,

100 2900 251 2964 exercitio
266 2906 299 2964 et
312 2899 523 2967 habitatione.
1015 2987 1017 2991 y

145 3000 209 3067 HI.
233 3002 286 3065 An
302 3003 346 3067 sit
361 3005 451 3083 einis,
467 3005 517 3069 vel
540 3010 679 3081 exterus,
696 3010 728 3068 et
744 3010 902 3089 quatenus
918 3005 962 3069 sit
981 3012 1120 3082 exterus,
1137 3026 1156 3067 a

102 3110 222 3188 quanto
236 3111 380 3189 tempore
394 3107 494 3170 estin
508 3106 589 3184 loeo,
605 3108 640 3170 in
656 3127 718 3191 quo
734 3105 841 3172 Testis
855 3107 925 3191 ipso
940 3107 1082 3191 deponit.

145 3205 203 3272 IV.
226 3207 280 3271 An
298 3208 338 3271 ad
353 3229 486 3273 examen
511 3210 680 3274 recesserit
703 3215 827 3293 sponte,
843 3209 895 3274 vel
909 3209 1103 3294 requisitus3
1128 3208 1158 3274 si

101 3306 230 3388 dixerit,
254 3312 426 3376 necessisse
448 3317 564 3395 sponte
585 3332 605 3375 a
626 3311 754 3376 nomine
774 3312 949 3397 requisitus
964 3309 1157 3389 dimittatur,

103 3412 180 3494 quia
197 3414 416 3497 praesumitur
437 3411 587 3477 mendax.

148 3515 184 3578 Si
198 3535 275 3581 vero
290 3513 409 3580 dixerit
423 3517 595 3582 neeessisse
603 3517 778 3602 requisitus
791 3540 801 3596 3
824 3516 1040 3601 interrogetur
1054 3536 1156 3601 aquo,

105 3615 156 3680 vel
180 3638 199 3680 a
222 3617 351 3702 quibus,
376 3617 443 3697 ubi,
473 3619 610 3703 quando,
634 3618 804 3705 quomodo,
829 3640 935 3683 eoram
964 3619 1093 3702 quibus,
1125 3624 1159 3683 et

105 3720 231 3802 quoties
245 3720 343 3784 fuerit
357 3721 542 3805 requisitus,
558 3728 591 3786 et
606 3743 647 3785 an
663 3710 743 3787 sciat
757 3721 868 3786 adesse
883 3720 1012 3806 aliquod
1023 3721 1158 3806 impedi·

103 3827 252 3886 mentum
266 3823 352 3887 inter
366 3823 551 3889 contrahere
565 3826 722 3890 volentes.

147 3921 189 3990 V.
212 3922 442 4010 Interrogatur,
453 3946 494 3989 an
511 3927 573 3993 sibi
588 3949 645 4012 pro
659 3927 914 3995 hoetestimonio
923 3927 1052 3994 ferendo
1061 3928 1159 3994 fuerit
