2572 4410
655 317 719 382 110

203 492 278 557 190.
293 489 622 555 Parochoshortamur
632 496 670 554 ut
682 490 810 573 speciali
821 489 958 575 quadam
967 491 1089 557 ratione
1100 513 1212 558 curam

160 608 272 682 gerant
287 617 463 680 pauperum
478 600 511 658 et
526 594 758 658 miserabilium
770 616 979 678 personarum
994 616 1075 680 quae
1089 597 1125 660 in
1142 599 1212 661 suis

158 700 314 784 paroeciis
337 699 478 778 degunt:
502 701 535 760 et
551 682 640 760 'dum
673 697 743 760 fieri
767 697 884 781 jubent
916 697 1149 764 obsecrationes
1178 707 1214 765 et

158 802 390 887 postulationes
404 822 462 885 pro
487 800 636 864 omnibus
651 800 707 884 qui
729 800 763 863 in
780 800 978 864 sublimitate
994 806 1081 877 sunt,
1095 801 1215 865 divites

160 927 200 970 ex
228 904 326 967 altera
355 907 444 987 parte
473 923 508 966 ac
537 907 684 985 potentes
710 923 729 965 a
753 902 903 965 vexandis
927 902 1120 987 pauperibus
1147 903 1213 966 dis-

159 1008 327 1074 suadeant.
769 1025 774 1036 ·
1020 1035 1022 1039 ·

128 1150 133 1159 ·
205 1114 279 1177 191.
302 1109 464 1175 Parochus
473 1132 548 1195 prae
559 1117 668 1175 mente
680 1131 804 1194 semper
812 1110 928 1175 habeat
937 1112 1220 1198 interpraecipuas

160 1213 212 1278 sui
235 1214 378 1277 muneris
393 1220 500 1297 partes
527 1234 597 1277 esse
623 1234 732 1277 curam
760 1214 1005 1298 aegrotantium.
1049 1215 1118 1278 Eos
1145 1216 1220 1280 sine

162 1335 262 1392 mora,
294 1317 322 1378 si
352 1316 476 1379 sintin
512 1316 651 1400 periculo
680 1317 792 1380 mortis
815 1317 1020 1380 sacramentis
1049 1316 1219 1382 Ecclesiae

163 1418 300 1494 muniat,
314 1424 346 1481 et
362 1439 472 1481 eorum
487 1419 646 1501 frequenti
657 1419 834 1482 visitationi
848 1419 945 1481 etiam
960 1440 1017 1500 per
1030 1419 1100 1502 pios
1115 1419 1218 1485 laicos

162 1521 336 1604 provideat.
368 1522 508 1586 Vocatus
523 1543 588 1587 non
604 1528 718 1586 renuat
733 1523 859 1606 saepius
873 1523 1002 1586 visitare
1010 1523 1166 1599 infirmos,
1184 1527 1219 1588 et

162 1625 259 1687 etiam
274 1645 339 1688 non
354 1630 483 1688 vocatus
499 1645 553 1688 eos
567 1625 617 1689 vel
634 1646 690 1709 per
716 1647 750 1689 se
765 1625 814 1688 vel
827 1646 883 1708 per
899 1624 998 1688 alium
1019 1625 1218 1690 sacerdotem

163 1727 344 1809 frequenter
366 1727 473 1790 visitet
487 1726 537 1790 vel
558 1727 671 1789 saltem
699 1726 797 1790 semel
816 1727 851 1789 in
877 1726 1086 1804 hebdomada,
1109 1733 1142 1791 et
1158 1729 1219 1792 ubi

163 1830 232 1893 fieri
245 1831 358 1912 possit,
376 1830 587 1893 morientibus
602 1831 744 1894 assistat.

207 1934 281 1999 192.
307 1933 450 2022 Singulis
481 1933 593 1996 saltem
622 1932 803 1997 Dominicis
833 1938 865 1996 et
894 1933 986 1997 festis
1017 1933 1218 2000 solemnibus

161 2034 272 2119 plebes
287 2035 348 2099 sibi
363 2035 559 2111 commissas,
574 2057 632 2120 pro
648 2041 754 2100 suaet
775 2056 884 2099 earum
906 2036 1088 2118 capacitate,
1105 2047 1218 2120 pascat

168 2138 364 2203 salutaribus
386 2138 516 2216 verbis3
555 2137 696 2202 docendo
726 2159 805 2221 quae
829 2138 908 2201 scire
935 2137 1084 2201 omnibus
1106 2160 1218 2202 neces-

166 2245 286 2308 sarium
308 2251 369 2320 est,
393 2265 428 2307 ac
453 2244 530 2308 vitia
557 2264 637 2328 quae
660 2265 714 2307 eos
737 2242 895 2306 declinare
925 2248 957 2306 et
978 2243 1113 2307 virtutes
1136 2265 1219 2327 quas

164 2348 278 2412 sectari
315 2352 456 2431 oporteat
488 2329 562 2411 cum
603 2347 757 2411 brevitate
795 2353 827 2410 et
863 2347 1015 2412 facilitate
1046 2349 1216 2412 sermonis.

166 2450 277 2530 (Cone.
303 2450 388 2513 Trid.
411 2472 490 2514 sess.
512 2473 541 2514 v.
569 2472 636 2534 cap.
661 2451 693 2513 ii.
716 2450 755 2514 de
779 2450 935 2528 Reform.)
983 2451 1018 2513 Si
1043 2472 1115 2514 vero
1143 2452 1218 2534 quis

163 2550 320 2635 parochus
344 2558 399 2614 aut
424 2552 570 2628 vicarius,
594 2551 654 2616 hoc
669 2573 789 2616 munus
812 2553 948 2635 graviter
968 2553 1155 2637 neglexerit,
1189 2554 1219 2618 is

163 2658 275 2741 poenis
312 2656 533 2720 ecclesiasticis
569 2677 625 2739 pro
675 2657 804 2721 arbitrio
842 2657 993 2721 ordinarii
1029 2657 1220 2741 plectendus

164 2767 223 2825 est.

210 2865 283 2928 193.
306 2863 358 2926 Ad
375 2884 535 2927 sacrorum
547 2884 704 2927 canonum
723 2864 886 2927 tramitem
904 2863 1111 2947 prohibemus
1124 2883 1167 2926 ne
1182 2864 1233 2927 in'

163 2975 328 3053 posterum
352 2990 450 3032 novae
465 2989 670 3052 quaecunque
681 2968 845 3032 Ecclesiae
859 2969 928 3032 sine
943 2989 1102 3032 consensu
1117 2969 1217 3052 Epis·

164 3071 234 3155 copi
250 3071 424 3153 erigantur.
469 3071 685 3152 Praecipimus
709 3092 834 3154 quoque
849 3092 889 3134 ne
912 3071 1059 3135 collectae
1081 3071 1162 3135 fiant
1178 3072 1219 3136 ad

101 3189 106 3200 ·
162 3174 341 3237 Ecclesiam
356 3173 593 3250 aedificandam,
609 3173 673 3236 nisi
685 3173 876 3257 approbante
890 3173 1060 3257 Episcopo.
1091 3173 1219 3258 Hujus·

164 3277 251 3341 modi
273 3276 419 3339 collectas
442 3275 694 3359 quandocunque
717 3277 817 3339 factas
839 3296 904 3338 non
919 3297 1018 3359 penes
1030 3296 1064 3338 se
1080 3276 1220 3340 retineat

164 3379 332 3462 parochus,
358 3378 414 3442 sed
445 3378 528 3440 infra
549 3398 694 3440 mensem
726 3377 863 3460 deponat
894 3377 928 3438 in
952 3378 1057 3460 aliquo
1086 3377 1218 3461 publico

164 3482 283 3544 aerario
300 3479 370 3563 (seu
392 3481 502 3559 Bana)
531 3481 565 3542 in
587 3482 716 3544 nomine
742 3482 841 3543 trium
868 3487 1061 3558 curatorum,
1079 3502 1218 3565 quorum

164 3603 250 3646 unus
267 3585 309 3645 sit
324 3584 516 3667 Episcopus,
534 3583 617 3645 alius
632 3583 700 3665 ipse
720 3582 884 3646 Parochus
900 3588 932 3646 et
946 3584 1062 3647 tertius
1084 3583 1218 3668 quidam

164 3684 203 3748 de
218 3686 371 3767 paroecia,
386 3686 433 3749 vir
447 3686 521 3768 pius
536 3690 568 3748 et
582 3685 715 3768 peritus.

209 3792 282 3855 194.
313 3791 348 3854 Si
370 3813 450 3854 nova
473 3791 579 3875 aliqua
599 3790 744 3854 Ecclesia
767 3791 811 3854 sit
838 3790 1043 3868 aedificanda,
1067 3791 1221 3857 volumus

163 3899 200 3956 ut
223 3893 367 3976 ejusdem
389 3893 617 3977 ichnographia
638 3897 671 3956 et
692 3894 794 3957 forma
816 3894 958 3977 aperito
988 3894 1126 3978 quodam
1148 3896 1220 3961 viro
