2572 4410
630 285 672 352 81

163 471 221 540 67.
244 469 349 536 Missa
362 469 413 535 bis
427 469 463 534 in
485 465 656 534 Dominioa
669 468 720 534 rel
741 468 792 535 die
807 470 889 535 festo
903 491 968 537 non
990 471 1176 554 celebretur,

115 575 186 639 nisi
199 574 383 658 Episcopus
394 572 428 636 id
437 573 654 638 necessarium
663 573 905 654 existimaverit,
918 580 962 653 et,
973 576 1005 639 vi
1014 576 1176 644 facultatis

118 699 138 742 a
154 678 191 741 S.
210 677 294 742 Sede
310 675 372 742 sibi
388 696 568 755 concessae,
584 658 874 760 1111111111111111.1

137 772 147 835 ἶ
162 781 218 845 68.
244 780 378 859 Quando
388 800 462 844 vero
477 779 517 844 ob
531 779 706 864 peculiares
717 800 810 843 casus
822 785 855 844 et
866 781 1069 848 necessitatis
1079 803 1175 849 causa

120 883 160 948 ab
174 885 246 966 ipso
261 883 443 947 examinata
457 882 639 967 Episcopus
650 882 797 966 parochis
807 883 991 949 facultatem
1002 885 1175 952 secundam

120 986 261 1050 Missam
277 985 387 1050 eadem
409 985 462 1050 die
483 981 662 1050 celebrandi
684 986 838 1063 concedit,
863 1007 918 1051 eos
943 987 1112 1054 admoneat
1133 1011 1176 1055 ne

120 1089 358 1172 eleemosynam
372 1095 429 1153 aut
444 1089 640 1173 stipendium
656 1111 674 1152 a
689 1090 800 1173 quovis
810 1090 861 1154 111
871 1112 1071 1176 quocumque
1085 1113 1173 1177 prae-

119 1195 214 1254 textu
236 1210 295 1274 pro
310 1211 347 1254 ea
368 1188 544 1273 percipient
564 1189 658 1271 juxta
680 1187 804 1251 decreta
828 1188 907 1254 alias
928 1191 1014 1255 edita
1035 1211 1055 1254 a
1079 1191 1176 1255 Sacra

119 1291 375 1375 Congregatione
386 1289 433 1374 (S.
451 1290 488 1354 Ο.
506 1289 543 1354 (l.
560 1291 602 1352 25
616 1289 716 1373 Sept,
728 1290 823 1367 1858,
837 1291 940 1354 citans
949 1291 1070 1355 Bened.
1083 1291 1173 1357 XIV.

118 1389 623 1454 Constitutionem-Declcrcstt
634 1410 686 1454 an.
704 1389 791 1456 1746
801 1412 810 1468 ;
834 1396 867 1454 11
881 1391 991 1456 literas
1006 1392 1174 1458 circulares
1273 1413 1276 1420 ·

115 1493 155 1556 dc
171 1493 270 1575 Prop.
286 1493 366 1557 Fide
391 1496 432 1558 15
448 1493 518 1557 Oct.
545 1490 654 1574 1863).
699 1492 819 1555 Habita
840 1497 949 1554 tamen
971 1493 1093 1556 ratione
1113 1493 1173 1557 cir-

114 1597 385 1660 cumstantiarum
400 1595 612 1680 quarumdam
632 1595 826 1659 missionum
842 1594 997 1659 Summus
1023 1594 1174 1659 Pontifex

113 1720 230 1762 earum
246 1699 414 1764 ordinariis
428 1699 565 1781 benigne
579 1700 717 1764 indulsit
740 1701 762 1731 ‘⁴
772 1706 810 1763 ut
820 1701 910 1781 justa
925 1706 957 1764 et
973 1701 1061 1780 gravi
1076 1720 1173 1765 causa

116 1804 139 1832 “
150 1802 369 1869 intercedente
380 1803 559 1867 sacerdotes
569 1802 630 1867 sibi
643 1801 764 1867 subditi
774 1798 961 1884 hujusmodi
972 1802 1171 1884 stipendium

117 1905 282 1986 “possint
298 1926 333 1969 ac
349 1904 475 1969 valeant
489 1905 683 1988 percipere.''
715 1904 805 1967 Haec
819 1904 986 1987 permissio
1001 1904 1041 1966 ad
1056 1904 1171 1968 Hiber-

115 2006 193 2068 niae
207 2008 370 2090 praesules
390 2008 585 2071 extenditur.

161 2110 215 2174 69.
239 2110 382 2174 (1111111
395 2110 493 2195 hujus
511 2110 630 2192 Synodi
644 2110 796 2193 Episcopi
812 2108 982 2173 Sanctitati
999 2111 1082 2173 Suae
1097 2127 1168 2173 csse

116 2212 364 2297 supplicandum
386 2219 424 2277 11
446 2213 644 2296 relinquatur
667 2212 897 2276 ordinariorum
923 2210 1052 2274 arbitrio
1069 2210 1169 2274 deter-

116 2312 243 2388 minare
265 2323 425 2398 quatenus
448 2319 482 2380 in
509 2317 620 2381 diebus
650 2317 742 2380 festis
765 2316 945 2399 suppressis
979 2315 1109 2398 parochi
1130 2315 1170 2379 ad

116 2419 348 2503 obligationem
362 2421 500 2484 Missam
514 2419 691 2484 celebrandi
705 2421 739 2483 in
755 2421 822 2484 suis
841 2419 997 2483 Ecclesiis
1017 2425 1074 2483 aut
1097 2439 1169 2483 cam

116 2543 177 2605 pro
191 2522 310 2606 populo
326 2524 479 2587 offerendi
493 2524 650 2606 adstringi
664 2518 825 2587 debeant.2

161 2629 181 2693 7
184 2629 215 2690 0.
239 2623 316 2691 Etsi
331 2628 470 2710 privatae
486 2649 542 2691 111
556 2648 621 2690 111
637 2627 795 2690 solemnes
807 2627 923 2692 missae
936 2626 1168 2704 defunctorum,

117 2728 217 2791 etiam
232 2728 393 2812 praesenti
408 2730 566 2807 cadavere,
583 2731 618 2793 in
640 2731 732 2793 festis
757 2728 948 2814 duplicibus,
965 2729 1100 2792 rubricis
1116 2750 1180 2792 ex-·

116 2831 297 2911 cludantnr,
321 2834 450 2916 speciali
465 2834 595 2897 Indulto
618 2832 799 2916 Apostolico
825 2833 867 2897 29
891 2833 970 2895 Jun.
998 2832 1163 2909 111862,

117 2956 305 3001 conoessum
337 2943 387 3001 111
420 2937 568 3001 omnibus
599 2937 774 3001 Hiberniae
806 2936 1006 3019 praesulibus
1036 2937 1169 3001 missam

116 3041 271 3123 privatam
301 3040 353 3105 die
389 3041 599 3124 depositionis
635 3040 819 3124 permittere
856 3040 1004 3105 omnibus
1042 3039 1168 3118 diebus,

118 3145 259 3226 exceptis
281 3144 462 3228 duplicibus
484 3143 793 3220 revelaremus,
810 3143 919 3207 Fastis
939 3142 979 3206 de
1003 3147 1168 3226 praecepto

119 3246 293 3324 servandis,
310 3247 409 3324 feriis,
425 3247 554 3331 Vigiliis
570 3253 602 3310 et
617 3247 735 3310 octaris
750 3246 968 3330 privilegiatis.

162 3351 213 3416 71.
235 3349 447 3414 Notandum:
477 3351 511 3413 in
537 3351 649 3414 Missis
679 3351 717 3412 dc
746 3350 899 3432 Regulam
935 3347 1163 3412 communicari

117 3458 254 3534 possunt
268 3452 379 3517 fideles
402 3475 441 3517 ex
466 3454 631 3538 particulis
653 3455 687 3516 in
710 3455 835 3536 praevia
850 3454 952 3517 Missa
966 3453 1167 3517 consecratis.

117 3555 229 3619 Potest
258 3557 355 3620 etiam
385 3556 545 3622 celebrans
574 3559 608 3621 in
639 3558 839 3622 vestimentis
868 3557 982 3639 nigris,
1010 3576 1168 3621 excausa

79 3670 83 3675 ’
117 3660 299 3738 sufficienti,
323 3661 574 3726 Tabernaculum
588 3663 708 3746 aperire
727 3669 759 3726 et
776 3682 896 3726 sacram
908 3661 1166 3726 communionem

114 3767 317 3847 distribuere,
332 3770 516 3836 immediate
532 3778 605 3836 ante
618 3772 667 3836 111
682 3778 755 3854 post
768 3770 915 3849 Missam,
933 3771 988 3836 sed
1003 3774 1037 3836 in
1053 3780 1166 3839 neutro

160 3900 242 3951 ¹Vide
253 3903 370 3966 Append.
381 3903 457 3954 VHI.
469 3919 527 3968 pag.
539 3906 595 3954 232.
663 3903 745 3953 ²Vide
756 3904 872 3967 Append.
883 3906 983 3955 XVIII.
994 3912 1052 3970 pag.
1065 3908 1120 3960 300.
