2572 4410
631 326 672 390 65

116 516 156 574 et
171 509 258 574 fides
274 531 383 574 eorum
405 509 554 575 laudibus
576 511 611 574 in
633 511 782 574 universo
803 508 925 573 mundo
948 509 1121 588 extollitur,
1139 533 1178 576 ex

118 613 223 678 corde
237 614 302 678 illis
317 615 524 698 gratulamur,
542 621 575 678 et
592 617 658 679 fora
681 635 846 698 speramns
867 618 905 677 ut
926 619 1035 676 tantae
1057 621 1089 678 et
1110 622 1177 680 tam

117 719 304 802 praeclarae
318 720 446 783 virtutis
462 719 679 803 spectaculum
694 719 773 782 alios
790 717 973 782 catholicos
987 718 1021 780 in
1031 717 1092 782 tide
1103 741 1176 784 con·

116 822 245 899 firmet,
262 828 294 885 et
307 822 418 885 hostes
432 823 520 905 ipsos
535 822 575 884 ad
590 822 787 905 agnitionem
801 819 945 884 veritatis
959 818 1118 901 perducat.

168 926 225 988 13.
251 924 378 989 Gratias
406 926 499 1009 porro
523 924 676 989 debemus
705 924 774 988 Deo
804 944 896 1007 agere
926 943 963 987 eo
988 922 1082 1005 quod,
1110 943 1176 990 non

118 1026 233 1091 solum
248 1025 339 1090 nobis
355 1033 387 1090 et
402 1027 491 1110 genti
510 1033 638 1090 nostrae
653 1026 830 1110 pretiosum
845 1024 920 1088 fidei
937 1023 1058 1088 donum
1080 1026 1175 1090 mise·

118 1131 291 1194 ricorditer
326 1129 508 1207 contulerit,
538 1150 649 1193 vemm
675 1130 772 1192 etiam
800 1126 880 1190 illud
909 1128 993 1189 inter
1022 1129 1176 1192 maximas

119 1233 293 1314 angustias
322 1238 354 1295 et
384 1231 551 1295 diuturnas
580 1231 816 1315 persecutiones
840 1234 962 1292 sartum
990 1234 1175 1312 tectumque

120 1336 305 1413 servaverit,
322 1341 417 1419 atque
432 1334 519 1397 hisce
535 1335 653 1398 nostris
668 1332 865 1415 temporibus
875 1352 985 1414 pacem
1001 1338 1033 1395 et
1048 1332 1175 1396 liberta-

119 1446 190 1503 tem
205 1458 271 1500 non
287 1437 478 1500 mediocrem
492 1435 639 1517 religioni
659 1434 817 1509 tribuerit,
834 1432 910 1496 dum
926 1453 977 1496 res
993 1431 1174 1495 Catholicae

121 1542 200 1606 alibi
215 1542 393 1619 turbentur,
411 1548 443 1605 et
457 1542 567 1605 fideles
583 1542 718 1624 graviter
733 1541 963 1623 opprimantur.

167 1647 222 1709 14.
245 1647 340 1709 Faxit
350 1646 439 1709 Deus
451 1652 489 1708 ut
499 1646 636 1729 peccatis
647 1652 680 1710 et
691 1645 816 1708 divinae
831 1645 911 1727 legis
920 1644 1077 1708 oblivione
1092 1645 1173 1709 iram

120 1747 233 1830 Ipsius
247 1768 414 1830 nunquam
438 1768 656 1830 provocemus,
682 1746 738 1810 sad
761 1766 886 1830 sempor
907 1747 1001 1811 bonis
1024 1747 1172 1831 operibus

121 1850 323 1914 abundemus
353 1871 394 1913 ne
416 1852 497 1913 forte
526 1850 610 1933 apud
632 1871 691 1914 nos
713 1850 825 1933 religio
848 1851 1031 1913 detrimenti
1053 1850 1173 1933 aliquid

121 1955 245 2037 capiat:
269 1974 397 2017 morum
420 1974 560 2036 namque
582 1953 816 2035 corruptionem
839 1959 871 2016 et
894 1952 997 2016 cordis
1019 1951 1171 2016 duritiam

120 2061 152 2118 et
166 2055 269 2118 animi
284 2055 464 2137 superbiam
479 2054 555 2118 fidei
565 2056 772 2118 fundamenta
790 2054 963 2118 convellere
979 2055 1172 2136 experientia

120 2158 224 2236 docet,
242 2158 319 2222 dum
335 2180 353 2222 a
368 2164 477 2221 contra
491 2158 556 2221 vita
577 2159 731 2222 innocens
754 2163 786 2221 et
808 2159 976 2221 continens
991 2179 1064 2221 cum
1078 2158 1172 2221 bonis

119 2261 271 2344 operibus
286 2267 319 2324 et
335 2260 517 2324 humilitate
530 2261 673 2324 eamdem
689 2261 795 2324 firmat
809 2268 842 2325 et
856 2268 961 2344 auget.

164 2367 219 2429 15.
244 2365 386 2427 Tandem
401 2385 466 2427 non
482 2365 542 2427 erit
556 2365 608 2427 hic
623 2363 830 2446 inexpediens
845 2370 883 2426 ut
898 2364 1050 2447 gaudium
1072 2370 1169 2431 teste-

118 2487 193 2530 mur
208 2465 293 2548 quod
308 2487 348 2528 ex
362 2464 547 2528 definitione
562 2465 789 2528 Immaculatae
806 2465 1029 2548 Conceptionis
1044 2466 1169 2532 Beatis-

118 2571 220 2633 simae
235 2567 378 2651 Virginis
393 2567 514 2630 Mariae
536 2568 747 2651 percepimus,
772 2573 803 2631 et
826 2568 908 2650 grati
931 2568 1031 2631 animi
1053 2590 1169 2635 sensus

118 2671 256 2757 Summo
272 2672 422 2734 Pontifici
443 2672 501 2735 Pio
523 2672 582 2736 IX.
606 2672 823 2749 exhibeamus,
848 2694 885 2736 eo
908 2673 992 2756 quod
1014 2674 1169 2740 Patronae

115 2780 305 2855 Hiberniae,
329 2779 556 2843 immaculatae
579 2780 698 2844 scilicet
713 2780 775 2843 Dei
788 2780 899 2858 Matri,
915 2802 1014 2846 novos
1028 2782 1167 2849 honores

115 2880 528 2964 decreveritetpraeclarum
534 2883 652 2966 gloriae
663 2889 785 2947 sertum
791 2886 996 2967 ejuscoronae
1002 2886 1166 2953 addiderit

113 2983 343 3047 Beatissimam
352 2985 434 3048 hano
445 2992 587 3049 nostram
597 2988 766 3051 Patronem
775 3009 925 3071 rogamus
934 2997 970 3053 ut
979 2991 1167 3056 Pontificem

113 3092 245 3150 tantum
261 3087 317 3149 diu
338 3085 493 3170 protegat,
510 3094 547 3150 ut
562 3088 737 3153 Hiberniae
759 3089 854 3152 fidem
876 3098 1028 3174 perpetuo
1051 3102 1163 3172 servat,

113 3195 214 3271 utque
229 3189 353 3253 labores
368 3212 447 3274 quos
462 3193 497 3254 in
519 3192 577 3256 hac
602 3194 728 3275 Synodo
751 3215 808 3276 pro
830 3195 913 3259 bono
936 3198 1110 3281 religionis,
1134 3206 1166 3263 et

114 3290 295 3353 animarum
329 3291 431 3355 salute
468 3296 668 3376 suscepimus
699 3315 756 3357 suo
785 3299 1010 3379 potentissimo
1048 3302 1165 3367 auxilio

114 3391 246 3475 adjuvet
260 3400 292 3457 et
307 3395 490 3461 fructuosos
506 3418 541 3461 aa
556 3398 667 3462 felices
682 3397 807 3463 efficiat.
