2572 4410
680 342 723 406 24

177 518 307 602 legium,
323 515 525 600 praesidente
546 512 630 579 nno
653 512 694 578 D.
712 512 835 589 dullen,
852 513 1009 576 ac'tribns
1027 513 1227 580 solemnibus

179 620 374 684 sessionibus
396 624 523 702 praeter
544 616 721 701 peculiares
743 613 1008 699 congregationes
1032 615 1084 681 die
1107 619 1151 681 20
1173 620 1225 681 in-

179 723 342 806 sequentis
359 717 558 804 Septembris
574 720 613 783 ad
629 717 751 784 exitum
766 738 916 802 prospere
931 719 1125 800 perductum
1149 718 1225 783 fuit.

219 824 317 888 Plura
329 826 364 888 in
380 845 417 887 eo
433 821 599 888 Conventa
615 820 702 886 edita
718 823 794 885 sunt
817 827 942 884 statuta
963 819 1004 884 ad
1029 820 1226 886 catholicam

177 929 275 992 fidem
290 929 411 991 sartam
425 927 608 1009 tectamque
625 923 815 988 servandam
830 925 914 986 inter
928 930 988 998 tot,
1005 926 1061 1007 qui
1076 928 1225 1008 serpunt,

177 1028 311 1104 errores,
333 1047 479 1112 quaeque
498 1029 714 1090 circumstant
740 1024 868 1090 errandi
890 1027 1045 1108 pericula,
1068 1027 1110 1090 ad
1131 1025 1227 1091 disci-

176 1130 299 1215 plinam
325 1130 582 1206 ecclesiasticam,
609 1132 770 1214 quantum
795 1130 925 1213 quidem
951 1127 1063 1192 sinunt
1090 1132 1228 1194 circum·

176 1230 327 1309 stantiae,
343 1231 570 1310 ordinandam,
587 1233 630 1295 ad
644 1232 764 1296 abusus
776 1229 907 1313 jamdiu
917 1232 1151 1297 invalescentes
1166 1255 1226 1316 pro

49 1328 54 1338 ’
176 1332 300 1401 diversa
314 1343 494 1418 temporum
507 1336 691 1399 conditione
706 1334 948 1398 refraenandos.

219 1439 302 1506 Cum
311 1435 409 1521 igitur
419 1435 543 1519 Synodi
553 1443 626 1501 actu
638 1444 670 1500 et
681 1437 811 1500 decreta
821 1435 861 1499 ad
872 1436 1095 1519 Apostolicam
1104 1435 1226 1502 Sedem

175 1543 364 1604 transmissa
373 1540 523 1615 fuissent,
536 1541 574 1604 ut
586 1537 736 1615 examini,
747 1561 805 1603 ceu
816 1561 873 1623 par
884 1548 963 1616 erat,
978 1539 1224 1623 subjicerentur,

176 1644 211 1708 S.
221 1642 281 1706 hoc
293 1641 475 1709 Consilium
492 1643 679 1706 Christiano
694 1640 827 1706 Nemini
838 1642 1048 1725 propagando
1057 1641 1226 1725 praeposi—

175 1754 245 1809 tum
259 1747 295 1809 in
310 1744 513 1827 generalibus
529 1746 667 1808 comitiis
683 1744 797 1809 diebus
812 1746 853 1814 27
866 1746 969 1821 Junii,
990 1748 1010 1809 3
1036 1747 1068 1810 et
1086 1748 1127 1810 10
1142 1746 1164 1810 J
1165 1747 1226 1810 ulii

176 1871 204 1913 c.
228 1868 273 1912 an
290 1850 375 1915 1876
396 1846 528 1924 habitis,
551 1849 711 1911 referente
727 1846 818 1933 Exim
834 1866 872 1911 ac
893 1847 978 1911 Rmo
1000 1848 1073 1912 Dirc
1088 1847 1227 1930 Aloysio

177 1949 211 2016 S.
227 1950 268 2014 R.
284 1949 327 2015 Ε.
345 1948 439 2016 Oard.
455 1948 542 2015 Bilio
557 1950 672 2014 eadem
687 1950 726 2013 ad
740 1953 899 2014 trutinam
915 1952 1084 2015 revocavit.
1123 1950 1226 2015 Porro

176 2055 209 2119 S.
240 2051 455 2136 Congregatio
485 2053 637 2118 omnibus
666 2060 796 2116 mature
819 2051 987 2136 perpensis
1013 2051 1227 2138 inductisque

173 2158 340 2222 nonnullis
355 2155 650 2234 emendationibus,
665 2157 901 2239 propositisque
915 2157 1014 2220 variis
1026 2157 1226 2221 animadver-

175 2260 330 2334 sionibus,
352 2280 434 2343 quas
457 2266 635 2324 memorato
659 2259 819 2342 Delegabo
839 2256 1024 2340 Apostolico
1046 2257 1228 2342 significari

173 2363 343 2444 praecepit,
355 2361 494 2425 Decreta
502 2360 668 2443 praedicta
677 2362 871 2444 recognovit,
883 2382 918 2423 ac
927 2359 1062 2444 proinde
1071 2362 1185 2438 voluit,
1194 2361 1227 2426 si

178 2461 278 2528 SSffio
298 2463 465 2544 placuerit,
477 2466 515 2525 ut
531 2462 573 2526 ab
584 2462 735 2526 omnibus
752 2463 791 2526 ad
803 2483 883 2546 quos
897 2470 1030 2545 spectet,
1042 2464 1227 2528 executioni

175 2565 590 2631 amussimdemandentur.
637 2563 738 2642 Quam
757 2564 887 2648 quidem
905 2567 938 2629 S.
955 2564 1227 2648 Oongregationis

175 2668 370 2730 sententiam
385 2687 459 2729 cum
474 2666 678 2748 subscriptus
695 2667 965 2748 pro-Secretarius
981 2670 1082 2732 sano
1100 2669 1174 2733 Drio
1187 2672 1226 2734 in

175 2767 252 2832 aud.
266 2766 438 2850 6Augusti
448 2768 603 2844 retulerit,
615 2769 780 2833 Sanctitas
793 2771 860 2834 Sua
875 2768 911 2832 in
927 2772 1076 2834 omnibus
1087 2772 1224 2854 probare

175 2870 305 2954 dignata
320 2878 380 2947 est,
394 2890 495 2953 eaque
511 2869 550 2933 de
561 2893 595 2934 re
606 2892 762 2954 praesens
774 2873 948 2937 Decretum
959 2876 1222 2958 expedirijussit,

175 2973 345 3037 contrariis
360 2968 613 3060 quibuscumque
628 2969 760 3035 minime
776 2973 994 3037 obstantibus.

232 3075 354 3140 Datum
379 3072 499 3136 Romae
525 3095 564 3136 ex
588 3073 668 3137 Aed.
694 3076 727 3137 S.
753 3075 1016 3159 congregationis
1042 3077 1082 3141 de
1105 3077 1225 3162 Propa-

176 3180 279 3262 ganda
293 3177 372 3240 Fide
388 3175 438 3238 dre
454 3177 486 3237 1
502 3176 578 3258 Sept
565 3177 697 3241 tembris
714 3179 1069 3246 1876.1

650 3377 752 3440 Anax.
770 3379 870 3444 Cano.
886 3381 914 3442 F
914 3401 1045 3459 nauem,
1062 3383 1173 3466 Pruef.

650 3495 683 3559 J.
700 3497 739 3560 B.
756 3498 912 3578 Aauozz1,
928 3502 969 3564 P.
986 3503 1104 3566 Secret.
