2572 4410
587 315 651 382 227

397 602 725 692 APPDNDIX
757 603 834 693 VI.

468 766 699 838 [caparae.
712 767 770 838 aa]

478 1037 750 1051 m

182 1354 473 1421 RESCRIPTUM
495 1357 556 1419 DE
581 1353 792 1420 TEMPORE
816 1354 1052 1423 PASOHALI.
1168 1435 1171 1444 Ι

127 1523 350 1591 Hibernenses
379 1522 554 1593 Antistites
594 1544 634 1587 ox
663 1521 805 1588 Concilio
831 1525 916 1606 apud
942 1523 1145 1589 Thurlesiam

85 1625 195 1693 habito
220 1650 330 1712 proces
356 1628 391 1693 in
415 1624 504 1692 hunc
522 1625 654 1689 modum
674 1625 749 1688 Sodi
770 1625 971 1708 Apostolicae
990 1627 1145 1693 exhibue-

84 1737 304 1916 ffllcl‘lmpus
319 1830 473 1898 Paschale
487 1851 545 1914 pro
559 1836 628 1893 tota
638 1828 795 1894 Hibernia
809 1852 849 1894 ex
862 1831 989 1895 indulto
1000 1833 1093 1897 Pauli
1103 1833 1144 1901 V.

84 1936 174 2001 sdic
190 1935 344 2000 Ginerum
368 1933 526 2019 usquead
547 1932 632 1995 diem
646 1932 854 1996 Ascensionis
877 1933 1009 1997 Domini
1035 1942 1144 1999 exten-

83 2038 182 2103 ditur.
229 2037 312 2102 Oum
322 2057 395 2101 vero
410 2036 450 2100 ob
465 2034 706 2099 multitudinem
716 2035 859 2098 fidelium
870 2036 954 2098 intra
968 2035 1049 2099 illud
1063 2043 1145 2101 tem·
1254 2062 1256 2067 ·

81 2161 146 2223 pus
168 2160 282 2204 omnes
296 2145 502 2222 praeceptum
525 2135 698 2218 adimplere
725 2157 791 2200 non
812 2139 950 2220 possint,
967 2139 1145 2222 supplicem

80 2243 229 2307 libellum
241 2242 391 2306 Pontifici
402 2239 619 2304 exhibendum
628 2261 698 2304 esse
707 2240 907 2318 arbitramur,
915 2247 953 2304 ut
962 2240 1144 2305 ulteriorem

80 2345 337 2427 prorogationem
361 2343 506 2427 ejusdem
532 2343 688 2426 temporis
712 2364 814 2426 usque
838 2342 878 2406 ad
901 2349 1043 2407 octavam
1070 2343 1145 2410 festi

83 2445 209 2513 SSrum
224 2445 452 2529 Apostolorum
467 2447 555 2508 Petri
569 2452 602 2508 et
617 2445 711 2508 Pauli
725 2446 861 2530 benigne
880 2446 1063 2510 concedat.’'

213 2550 266 2612 Ex
280 2548 365 2612 Aut.
384 2549 588 2612 Sanctissimi
602 2549 712 2611 habita
727 2549 777 2612 die
793 2550 814 2610 4
830 2549 909 2611 Maii
926 2546 1022 2612 1851.

127 2651 359 2716 Sanctissimae
381 2651 543 2714 Dominus
566 2651 683 2715 Noster
698 2651 778 2716 Pius
798 2650 915 2714 Divina
939 2649 1144 2718 Providentia

81 2751 148 2817 ΡΡ.
165 2752 224 2817 ΙΧ.
240 2755 394 2818 referente
409 2775 461 2816 me
476 2753 678 2837 infrascripto
692 2755 725 2817 S.
740 2751 1003 2837 congregationis
1014 2755 1053 2818 de
1068 2757 1144 2820 Pro·

80 2856 228 2940 puganda
249 2855 329 2920 Fide
361 2856 546 2933 Secretario,
559 2857 653 2939 juxta
674 2863 784 2921 votum
813 2854 888 2920 DE.
912 2856 977 2919 ΡΡ.
1001 2858 1145 2940 ejusdem

82 2957 117 3021 S.
129 2954 166 3023 O.
182 2956 318 3041 benigno
329 2958 465 3024 indulsit
474 2959 696 3042 juxtapetita3
713 2959 880 3022 contrariis
892 2959 1145 3044 quibuscumque

81 3081 147 3124 non
163 3061 378 3126 obstantibus.

125 3163 201 3227 Dat.
218 3162 350 3241 Romae,
367 3185 407 3227 ex
435 3162 515 3229 Aet.
532 3161 634 3228 dictae
652 3164 685 3227 S.
703 3163 740 3227 Ο.
757 3162 796 3226 de
823 3163 1030 3247 Propaganda
1050 3162 1142 3241 Fide,

80 3265 134 3330 dio
149 3272 181 3330 et
196 3287 280 3332 anno
295 3266 413 3351 quibus
430 3288 538 3350 supra.

127 3367 249 3449 Gratis,
266 3370 337 3435 sine
351 3369 419 3435 ulla
433 3371 564 3434 omnino
580 3368 739 3435 solutione
754 3388 953 3452 quocumque
968 3367 1075 3433 titulo.

659 3555 721 3622 Aa.
736 3553 902 3633 Burrio,
919 3553 1097 3624 assereris.
