2572 4410
610 391 672 457 182

114 565 259 629 aiasticas
273 562 465 647 pertinentia
479 563 606 627 mittere
627 564 794 641 voluerint,
805 562 943 628 latinum
954 564 1005 629 vel
1016 566 1166 632 italicum

114 669 243 744 idioma,
274 673 430 750 quantum
456 666 525 729 fieri
552 667 679 749 poterit,
703 666 921 730 adhibendum
947 675 1070 732 curent.
1117 671 1166 735 Et

116 771 267 853 quoniam
294 769 429 832 latinam
443 765 586 852 linguam
601 770 855 844 commemoravi,
871 767 928 831 abs
952 791 987 832 re
1010 791 1076 834 non
1102 773 1167 836 erit

114 873 361 936 animadvertere
383 890 423 934 ex
444 871 534 934 illius
562 870 690 954 linguae
719 871 867 954 neglectu
899 872 1088 954 gravissima
1109 895 1168 956 per

115 976 223 1039 orbem
237 974 391 1037 Ecclesiis
406 973 597 1036 detrimenta
611 972 769 1037 obvenire.
807 974 918 1057 Neque
932 975 1020 1037 enim
1034 982 1168 1038 tantum

115 1078 231 1141 exinde
254 1076 411 1140 difficilior
437 1077 541 1140 evadit
567 1096 641 1138 cum
655 1075 803 1138 Ecclesia
819 1077 964 1139 Romana
979 1084 1076 1160 atque
1091 1078 1168 1141 aliis

114 1202 188 1244 cum
199 1179 353 1242 Ecclesiis
363 1178 520 1241 variarum
535 1179 702 1260 regionum
711 1180 969 1256 communicatio,
980 1201 1045 1243 non
1059 1181 1168 1245 solum

115 1283 274 1346 amittitur
303 1281 479 1343 maximum
508 1281 590 1345 illud
631 1302 694 1364 quo
731 1282 927 1364 praeterritis
963 1283 1165 1365 temporibus

114 1384 262 1449 catholici
276 1384 464 1446 itinerantes
494 1380 676 1466 guadebant
699 1383 963 1460 emolumentum,
979 1386 1168 1448 inveniendi

115 1485 246 1562 scilicet,
263 1485 381 1568 ubique
403 1485 555 1560 locorum,
574 1485 697 1549 Christi
720 1485 830 1549 fideles
845 1487 937 1569 quasi
951 1488 1065 1550 fratres
1080 1509 1166 1550 com-

112 1591 205 1653 muni
227 1589 347 1671 patriae
370 1608 519 1651 romanae
548 1588 660 1671 lingua
681 1589 856 1670 loquentes,
872 1609 982 1652 verum
998 1590 1096 1653 etiam
1111 1610 1167 1652 ex·

112 1693 216 1755 tranei
238 1691 411 1754 christiano
425 1691 543 1774 populo
567 1692 687 1753 sensim
703 1691 772 1752 sine
788 1711 884 1754 sensu
900 1689 1034 1754 evadent
1049 1712 1087 1754 ac
1101 1691 1167 1754 fere

115 1794 261 1878 impervii
275 1813 387 1857 omnes
401 1799 472 1856 tum
500 1813 605 1856 sacrae
627 1800 699 1856 tum
714 1793 864 1875 profanae
881 1794 1032 1856 scientiae
1047 1794 1166 1869 fontes,

117 1898 172 1981 qni
194 1917 337 1980 graecam
359 1897 544 1979 praesertim
573 1896 718 1978 linguam
747 1896 930 1978 ignorantes
959 1895 1090 1959 nonnisi
1111 1917 1170 1978 per

117 2000 255 2064 latinum
269 1999 389 2062 idioma
407 2006 514 2082 patere
533 2005 679 2082 possunt.
726 1996 938 2074 Quamobrem
970 1999 1030 2061 erit
1061 1998 1169 2061 solici-

116 2103 240 2167 tudinis
254 2109 328 2165 tuae
343 2123 470 2185 operam
485 2103 678 2185 impendere,
691 2108 727 2163 ut
744 2101 888 2162 studium
903 2100 1021 2164 latinae
1036 2100 1170 2183 linguae

116 2207 151 2267 in
166 2211 223 2268 tua
238 2204 373 2267 dioecesi
387 2212 617 2287 promoveatur,
635 2205 726 2285 cujus
741 2199 787 2264 rei
810 2203 1037 2285 suscipiendae,
1055 2224 1169 2285 oppor-

117 2315 230 2371 tunam
247 2305 319 2369 Tibi
335 2308 532 2370 occasionem
547 2306 693 2390 praebere
708 2305 834 2388 poterit,
847 2306 931 2388 quod
945 2305 1170 2388 praesentibus

116 2409 220 2472 literis
235 2409 287 2470 Ill.
304 2408 525 2472 Dominationi
541 2416 615 2472 tuae
631 2408 740 2471 censui
756 2408 1054 2503 commendandum.

160 2511 273 2573 Precor
286 2511 392 2573 Deum
407 2518 444 2574 ut
460 2502 504 2573 Te
519 2512 574 2574 diu
591 2511 742 2593 sospitam
758 2517 860 2572 servet
874 2510 1143 2592 incolumemque.

161 2629 283 2691 Datum
298 2629 419 2691 Romae
434 2648 473 2692 ex
489 2629 632 2693 Aedibus
657 2629 689 2691 S.
707 2628 743 2691 C.
772 2627 810 2689 de
833 2629 926 2712 Prop.
943 2629 1023 2692 Fide
1051 2628 1104 2692 die
1125 2631 1169 2694 29

122 2729 328 2814 Septembris,
346 2732 441 2794 1868.
928 2724 932 2733 ’

248 2913 302 2976 111.
320 2934 355 2977 ac
367 2914 504 2976 Revrirae
519 2915 758 2979 Dominationis
775 2918 863 2980 Tuae

424 3034 476 3098 Ad
491 3034 592 3098 officia
605 3035 829 3117 paratissimus

549 3219 610 3281 An.
628 3219 728 3285 Orno.
744 3189 908 3296 Bnaulad,
923 3221 982 3282 Pr.

552 3322 573 3384 J
575 3341 698 3389 ornans
715 3325 865 3403 Srunoru,
882 3323 1087 3390 secretarius.
