2572 4410
568 289 633 354 209

115 465 149 529 9.
167 449 291 527 'Omnia
305 461 584 525 indiscriminatim
595 461 744 543 dogmata
758 460 921 546 religionis
933 460 1127 528 christianae

75 571 151 632 sunt
177 564 338 648 objectum
367 564 522 626 neutralis
559 564 709 626 scientiae
739 585 795 627 seu
824 563 1071 648 philosophiae3
1095 571 1129 630 et

73 667 216 732 humana
237 667 318 730 ratio
340 667 491 729 historice
505 671 632 728 tantum
654 666 780 729 exculta
803 673 910 749 potest
923 689 962 730 ex
988 669 1056 731 suis
1071 689 1127 732 na-

74 769 233 834 turalibus
248 768 369 831 viribus
385 774 418 831 et
440 768 605 851 principiis
632 768 672 830 ad
686 788 792 831 veram
812 769 852 833 de
867 769 1016 833 omnibus
1031 772 1128 834 etiam

73 870 340 936 reconditioribus
355 871 558 953 dogmatibus
574 871 740 934 scientiam
749 873 922 954 pervenire,
939 873 1035 936 modo
1050 872 1128 938 haec

73 975 227 1058 dogmata
240 974 304 1056 ipsi
318 974 435 1036 rationi
445 979 609 1056 tamquam
624 972 784 1055 objectum
799 975 961 1058 proposita
975 975 1106 1038 fuerint.

116 1075 1129 1159 Epist.adArchiep.Frising.Gravissimes,llDecembris1862.

118 1179 229 1261 Epist.
249 1178 289 1240 ad
305 1178 453 1240 eumdem
472 1178 559 1240 Tnos
575 1176 716 1254 libenter,
734 1178 773 1240 21
790 1178 977 1242 Decembris
994 1179 1091 1242 1863.

118 1281 173 1343 10.
199 1278 306 1358 Quum
332 1278 419 1342 aliud
435 1281 479 1342 sit
501 1278 725 1362 philosophus,
742 1280 829 1343 aliud
843 1279 1058 1363 philosophia,
1075 1282 1129 1345 ille

71 1384 184 1465 juset
212 1380 354 1445 officium
375 1381 473 1444 habet
510 1402 544 1444 se
576 1382 786 1445 submittendi
816 1382 1007 1458 auctoritati,
1032 1404 1128 1467 quam

74 1503 182 1548 veram
193 1484 262 1566 ipse
276 1482 455 1566 probaverit
470 1505 478 1559 ;
503 1489 537 1546 at
561 1482 764 1566 philosophia
779 1505 881 1570 neque
895 1490 1002 1568 potest
1027 1506 1129 1569 neque

76 1584 171 1650 debet
185 1586 245 1649 ulli
260 1607 329 1648 sese
345 1584 533 1648 submittere
548 1587 740 1650 auctoritati.r

120 1687 230 1772 Epist.
248 1688 287 1751 ad
302 1688 452 1772 Archiep.
472 1688 613 1770 Frising.
632 1689 858 1766 (iratissimus,
877 1691 917 1752 11
933 1689 1129 1765 Decembris,

79 1791 177 1854 1362.

121 1894 229 1976 Epist.
246 1893 286 1955 ad
302 1892 449 1957 eumdem
468 1892 556 1956 Teos
581 1892 721 1969 libenter,
739 1892 780 1956 21
797 1892 982 1957 Decembris
999 1894 1094 1958 1863.

123 1998 176 2059 11.
201 1991 345 2058 Ecclesia
373 2015 438 2058 non
470 1996 577 2059 solum
602 2016 666 2059 non
703 1994 797 2058 ‹lebet
828 1996 862 2058 in
892 1993 1131 2077 philosophiam

79 2119 224 2183 unquam
253 2097 511 2175 animadvertere,
527 2119 638 2162 verum
653 2097 750 2161 etiam
765 2096 859 2161 debet
873 2098 977 2180 ipsius
992 2096 1133 2180 philoso-

79 2201 175 2285 phiae
191 2200 324 2264 tolerare
339 2219 472 2277 errores,
488 2201 579 2284 eique
601 2199 779 2283 relinquere
793 2206 831 2263 ut
844 2198 916 2283 ipsa
931 2220 964 2263 se
987 2199 1132 2281 corrigat.

123 2302 234 2386 Epist.
251 2303 291 2366 ad
305 2302 453 2386 Archiep.
471 2300 614 2385 Frising.
638 2302 863 2380 Gravissimes,
882 2304 921 2365 11
948 2300 1132 2365 Decembris

83 2405 180 2468 1862.

126 2509 180 2570 12.
205 2505 405 2588 Apostolicae
427 2507 518 2571 Sedis
534 2507 815 2590 Romanarumque
840 2501 1134 2590 Congregationum

81 2611 207 2675 decreta
221 2609 357 2672 liberum
374 2607 524 2673 scientiae
537 2629 745 2692 progressum
758 2609 961 2692 impediunt,
1115 2612 1119 2617 ’

126 2713 234 2796 Epist.
252 2712 292 2775 ad
306 2712 452 2796 Archiep.
468 2713 608 2796 Frising,
629 2713 717 2775 Tnas
736 2712 876 2788 libenter,
893 2712 933 2773 21
950 2709 1135 2775 Decembris

84 2815 182 2880 1863.

129 2917 182 2982 13.
206 2917 380 2982 Methodus
412 2923 445 2981 et
484 2918 651 3001 principia,
676 2916 792 3001 quibus
822 2917 947 3001 antiqui
983 2917 1137 2981 Doctores

85 3018 269 3085 scholastici
290 3021 483 3102 theologiam
513 3021 729 3096 excoluerunt,
752 3024 934 3102 temporum
953 3025 1138 3082 nostrorum

85 3122 333 3186 necessitatibus
364 3123 633 3206 scientiarumque
680 3123 864 3206 progressui
897 3121 1030 3184 minime
1063 3141 1136 3184 con·
1242 3184 1245 3190 ,

85 3232 240 3411 εἴ1111111111.
257 3326 296 3391 ad
311 3328 460 3411 Archiep.
477 3327 618 3410 Frising.
640 3328 726 3391 Tnes
739 3327 878 3404 libenter,
895 3326 936 3388 21
952 3321 1139 3390 Decembris

89 3430 185 3596 1333}
209 3531 417 3615 Philosophia
427 3534 591 3596 tractanda
606 3539 665 3610 est,
681 3532 770 3596 nulla
780 3529 1029 3614 supernaturalis
1040 3530 1139 3594 revel·

89 3637 205 3700 ationis
220 3635 329 3698 habita
343 3637 476 3700 ratione.

131 3736 240 3821 Epist.
257 3738 298 3801 ad
308 3736 457 3823 Archiep.
473 3738 612 3823 Frising.
633 3739 719 3803 Tnos
742 3737 882 3815 libenter,
899 3737 939 3800 21
955 3733 1141 3800 Decembris

92 3843 189 3907 1863.
