<?xml version="1.0" encoding="UTF-8"?>
<!DOCTYPE html PUBLIC "-//W3C//DTD XHTML 1.0 Transitional//EN"
    "http://www.w3.org/TR/xhtml1/DTD/xhtml1-transitional.dtd">
<html xmlns="http://www.w3.org/1999/xhtml" xml:lang="en" lang="en">
 <head>
  <title>
</title>
<meta http-equiv="Content-Type" content="text/html;charset=utf-8" />
  <meta name='ocr-system' content='tesseract 3.04.00' />
  <meta name='ocr-capabilities' content='ocr_page ocr_carea ocr_par ocr_line ocrx_word'/>
</head>
<body>
  <div class='ocr_page' id='page_1' title='image "actaetdecretasy00goog_0283.png"; bbox 0 0 2572 4410; ppageno 0'>
   <div class='ocr_carea' id='block_1_1' title="bbox 679 370 744 437">
    <p class='ocr_par' dir='ltr' id='par_1_1' title="bbox 679 370 744 437">
     <span class='ocr_line' id='line_1_1' title="bbox 679 370 744 437; baseline 0.015 -3"><span class='ocrx_word' id='word_1_1' title='bbox 679 370 744 437; x_wconf 79' lang='lat'>270</span> 
     </span>
    </p>
   </div>
   <div class='ocr_carea' id='block_1_2' title="bbox 183 540 1282 4015">
    <p class='ocr_par' dir='ltr' id='par_1_2' title="bbox 186 540 1282 1142">
     <span class='ocr_line' id='line_1_2' title="bbox 189 540 1237 631; baseline 0 -20"><span class='ocrx_word' id='word_1_2' title='bbox 189 566 229 611; x_wconf 85' lang='lat' dir='ltr'>ex</span> <span class='ocrx_word' id='word_1_3' title='bbox 255 542 398 611; x_wconf 89' lang='lat' dir='ltr'>aliorum</span> <span class='ocrx_word' id='word_1_4' title='bbox 422 540 636 609; x_wconf 88' lang='lat' dir='ltr'>attestatione</span> <span class='ocrx_word' id='word_1_5' title='bbox 663 540 839 617; x_wconf 81' lang='lat' dir='ltr'>audivisse,</span> <span class='ocrx_word' id='word_1_6' title='bbox 863 541 921 607; x_wconf 91' lang='lat' dir='ltr'>isti</span> <span class='ocrx_word' id='word_1_7' title='bbox 947 551 1063 609; x_wconf 88' lang='lat' dir='ltr'>autem</span> <span class='ocrx_word' id='word_1_8' title='bbox 1088 546 1142 610; x_wconf 89' lang='lat' dir='ltr'>vel</span> <span class='ocrx_word' id='word_1_9' title='bbox 1165 549 1237 631; x_wconf 90' lang='lat' dir='ltr'>quia</span> 
     </span>
     <span class='ocr_line' id='line_1_3' title="bbox 189 643 1232 734; baseline -0.002 -20"><span class='ocrx_word' id='word_1_10' title='bbox 189 650 353 723; x_wconf 73' lang='lat' dir='ltr'>absentes,</span> <span class='ocrx_word' id='word_1_11' title='bbox 379 648 431 713; x_wconf 89' lang='lat' dir='ltr'>vel</span> <span class='ocrx_word' id='word_1_12' title='bbox 455 648 533 730; x_wconf 91' lang='lat' dir='ltr'>quia</span> <span class='ocrx_word' id='word_1_13' title='bbox 560 643 712 722; x_wconf 88' lang='lat' dir='ltr'>obierint,</span> <span class='ocrx_word' id='word_1_14' title='bbox 736 646 788 710; x_wconf 84' lang='lat' dir='ltr'>vel</span> <span class='ocrx_word' id='word_1_15' title='bbox 811 644 913 710; x_wconf 88' lang='lat' dir='ltr'>aliam</span> <span class='ocrx_word' id='word_1_16' title='bbox 936 648 977 711; x_wconf 94' lang='lat' dir='ltr'>ob</span> <span class='ocrx_word' id='word_1_17' title='bbox 1000 668 1232 734; x_wconf 79' lang='lat' dir='ltr'>quamcumque</span> 
     </span>
     <span class='ocr_line' id='line_1_4' title="bbox 188 747 1230 833; baseline -0.001 -16"><span class='ocrx_word' id='word_1_18' title='bbox 188 750 420 818; x_wconf 74' lang='lat' dir='ltr'>rationabilem</span> <span class='ocrx_word' id='word_1_19' title='bbox 446 769 581 813; x_wconf 90' lang='lat' dir='ltr'>causam</span> <span class='ocrx_word' id='word_1_20' title='bbox 612 747 797 814; x_wconf 85' lang='lat' dir='ltr'>examinari</span> <span class='ocrx_word' id='word_1_21' title='bbox 826 752 995 833; x_wconf 90' lang='lat' dir='ltr'>nequeunt</span> <span class='ocrx_word' id='word_1_22' title='bbox 1007 772 1015 829; x_wconf 90' lang='lat'>;</span> <span class='ocrx_word' id='word_1_23' title='bbox 1046 754 1129 816; x_wconf 91' lang='lat' dir='ltr'>tunc</span> <span class='ocrx_word' id='word_1_24' title='bbox 1156 752 1230 816; x_wconf 88' lang='lat' dir='ltr'>diota</span> 
     </span>
     <span class='ocr_line' id='line_1_5' title="bbox 187 849 1230 936; baseline -0.001 -17"><span class='ocrx_word' id='word_1_25' title='bbox 187 876 228 920; x_wconf 80' lang='lat' dir='ltr'>ex</span> <span class='ocrx_word' id='word_1_26' title='bbox 237 852 344 919; x_wconf 92' lang='lat' dir='ltr'>alieno</span> <span class='ocrx_word' id='word_1_27' title='bbox 356 873 423 929; x_wconf 89' lang='lat' dir='ltr'>ore,</span> <span class='ocrx_word' id='word_1_28' title='bbox 437 859 599 936; x_wconf 87' lang='lat' dir='ltr'>quatenus</span> <span class='ocrx_word' id='word_1_29' title='bbox 614 851 771 916; x_wconf 91' lang='lat' dir='ltr'>omnibus</span> <span class='ocrx_word' id='word_1_30' title='bbox 784 849 859 915; x_wconf 90' lang='lat' dir='ltr'>aliis</span> <span class='ocrx_word' id='word_1_31' title='bbox 874 850 910 916; x_wconf 91' lang='lat' dir='ltr'>in</span> <span class='ocrx_word' id='word_1_32' title='bbox 926 872 1005 917; x_wconf 90' lang='lat' dir='ltr'>casu</span> <span class='ocrx_word' id='word_1_33' title='bbox 1020 853 1230 918; x_wconf 88' lang='lat' dir='ltr'>concurrenti·</span> 
     </span>
     <span class='ocr_line' id='line_1_6' title="bbox 187 952 1231 1039; baseline -0.002 -17"><span class='ocrx_word' id='word_1_34' title='bbox 187 959 251 1022; x_wconf 88' lang='lat' dir='ltr'>bus</span> <span class='ocrx_word' id='word_1_35' title='bbox 278 952 545 1030; x_wconf 89' lang='lat' dir='ltr'>circumstantiis,</span> <span class='ocrx_word' id='word_1_36' title='bbox 563 956 621 1019; x_wconf 89' lang='lat' dir='ltr'>aut</span> <span class='ocrx_word' id='word_1_37' title='bbox 647 955 765 1019; x_wconf 89' lang='lat' dir='ltr'>saltem</span> <span class='ocrx_word' id='word_1_38' title='bbox 788 953 985 1036; x_wconf 86' lang='lat' dir='ltr'>urgentibus</span> <span class='ocrx_word' id='word_1_39' title='bbox 1006 955 1231 1039; x_wconf 76' lang='lat' dir='ltr'>respondeam,</span> 
     </span>
     <span class='ocr_line' id='line_1_7' title="bbox 186 1055 1282 1142; baseline -0.002 -17"><span class='ocrx_word' id='word_1_40' title='bbox 186 1059 269 1125; x_wconf 88' lang='lat' dir='ltr'>satis</span> <span class='ocrx_word' id='word_1_41' title='bbox 285 1080 357 1123; x_wconf 90' lang='lat' dir='ltr'>esse</span> <span class='ocrx_word' id='word_1_42' title='bbox 373 1059 548 1122; x_wconf 88' lang='lat' dir='ltr'>censentur</span> <span class='ocrx_word' id='word_1_43' title='bbox 557 1077 617 1140; x_wconf 93' lang='lat' dir='ltr'>pro</span> <span class='ocrx_word' id='word_1_44' title='bbox 631 1059 767 1141; x_wconf 90' lang='lat' dir='ltr'>sequtae</span> <span class='ocrx_word' id='word_1_45' title='bbox 782 1055 901 1120; x_wconf 89' lang='lat' dir='ltr'>mortis</span> <span class='ocrx_word' id='word_1_46' title='bbox 912 1056 1071 1141; x_wconf 82' lang='lat' dir='ltr'>prudenti</span> <span class='ocrx_word' id='word_1_47' title='bbox 1082 1058 1215 1142; x_wconf 90' lang='lat' dir='ltr'>judicio.</span> <span class='ocrx_word' id='word_1_48' title='bbox 1280 1106 1282 1123; x_wconf 78' lang='grc'><strong>,</strong></span> 
     </span>
    </p>

    <p class='ocr_par' dir='ltr' id='par_1_3' title="bbox 184 1158 1246 2783">
     <span class='ocr_line' id='line_1_8' title="bbox 232 1158 1235 1244; baseline 0 -17"><span class='ocrx_word' id='word_1_49' title='bbox 232 1165 262 1226; x_wconf 89' lang='grc'>6.</span> <span class='ocrx_word' id='word_1_50' title='bbox 287 1162 421 1236; x_wconf 91' lang='lat' dir='ltr'>Verum,</span> <span class='ocrx_word' id='word_1_51' title='bbox 435 1159 526 1223; x_wconf 87' lang='lat' dir='ltr'>haud</span> <span class='ocrx_word' id='word_1_52' title='bbox 538 1160 640 1224; x_wconf 89' lang='lat' dir='ltr'>semel</span> <span class='ocrx_word' id='word_1_53' title='bbox 652 1158 854 1242; x_wconf 85' lang='lat' dir='ltr'>experientia</span> <span class='ocrx_word' id='word_1_54' title='bbox 867 1164 1076 1244; x_wconf 89' lang='lat' dir='ltr'>compertum</span> <span class='ocrx_word' id='word_1_55' title='bbox 1087 1161 1235 1239; x_wconf 86' lang='lat' dir='ltr'>habetur,</span> 
     </span>
     <span class='ocr_line' id='line_1_9' title="bbox 186 1261 1239 1349; baseline 0.001 -20"><span class='ocrx_word' id='word_1_56' title='bbox 186 1265 275 1347; x_wconf 91' lang='lat' dir='ltr'>quod</span> <span class='ocrx_word' id='word_1_57' title='bbox 300 1284 359 1329; x_wconf 89' lang='lat' dir='ltr'>nec</span> <span class='ocrx_word' id='word_1_58' title='bbox 387 1282 474 1326; x_wconf 91' lang='lat' dir='ltr'>unus</span> <span class='ocrx_word' id='word_1_59' title='bbox 500 1261 631 1347; x_wconf 91' lang='lat' dir='ltr'>quidem</span> <span class='ocrx_word' id='word_1_60' title='bbox 655 1261 842 1345; x_wconf 88' lang='lat' dir='ltr'>reperiatur</span> <span class='ocrx_word' id='word_1_61' title='bbox 868 1262 977 1328; x_wconf 82' lang='lat' dir='ltr'>Testis</span> <span class='ocrx_word' id='word_1_62' title='bbox 1005 1263 1116 1348; x_wconf 86' lang='lat' dir='ltr'>qualis</span> <span class='ocrx_word' id='word_1_63' title='bbox 1144 1285 1239 1349; x_wconf 90' lang='lat' dir='ltr'>supra</span> 
     </span>
     <span class='ocr_line' id='line_1_10' title="bbox 187 1365 1238 1450; baseline 0 -18"><span class='ocrx_word' id='word_1_64' title='bbox 187 1366 382 1432; x_wconf 87' lang='lat' dir='ltr'>adstruitur.</span> <span class='ocrx_word' id='word_1_65' title='bbox 428 1367 500 1431; x_wconf 92' lang='lat' dir='ltr'>Hoc</span> <span class='ocrx_word' id='word_1_66' title='bbox 522 1365 558 1429; x_wconf 93' lang='lat' dir='ltr'>in</span> <span class='ocrx_word' id='word_1_67' title='bbox 579 1387 656 1431; x_wconf 88' lang='lat' dir='ltr'>casn</span> <span class='ocrx_word' id='word_1_68' title='bbox 677 1365 826 1450; x_wconf 89' lang='lat' dir='ltr'>probatio</span> <span class='ocrx_word' id='word_1_69' title='bbox 847 1366 956 1430; x_wconf 89' lang='lat' dir='ltr'>obitus</span> <span class='ocrx_word' id='word_1_70' title='bbox 976 1367 1238 1450; x_wconf 65' lang='lat' dir='ltr'>exconjectura,</span> 
     </span>
     <span class='ocr_line' id='line_1_11' title="bbox 187 1467 1241 1554; baseline 0 -20"><span class='ocrx_word' id='word_1_71' title='bbox 187 1467 519 1554; x_wconf 88' lang='lat' dir='ltr'>praesumptionibus,</span> <span class='ocrx_word' id='word_1_72' title='bbox 543 1467 683 1547; x_wconf 87' lang='lat' dir='ltr'>indiciis,</span> <span class='ocrx_word' id='word_1_73' title='bbox 708 1471 742 1534; x_wconf 92' lang='lat' dir='ltr'>et</span> <span class='ocrx_word' id='word_1_74' title='bbox 771 1467 936 1554; x_wconf 84' lang='lat' dir='ltr'>adjunctis</span> <span class='ocrx_word' id='word_1_75' title='bbox 967 1467 1241 1553; x_wconf 89' lang='lat' dir='ltr'>quibuscumque,</span> 
     </span>
     <span class='ocr_line' id='line_1_12' title="bbox 187 1569 1244 1654; baseline 0.001 -17"><span class='ocrx_word' id='word_1_76' title='bbox 187 1572 302 1637; x_wconf 88' lang='lat' dir='ltr'>sedula</span> <span class='ocrx_word' id='word_1_77' title='bbox 325 1574 412 1636; x_wconf 90' lang='lat' dir='ltr'>certe</span> <span class='ocrx_word' id='word_1_78' title='bbox 435 1574 468 1636; x_wconf 92' lang='lat' dir='ltr'>et</span> <span class='ocrx_word' id='word_1_79' title='bbox 491 1570 671 1636; x_wconf 90' lang='lat' dir='ltr'>admodum</span> <span class='ocrx_word' id='word_1_80' title='bbox 695 1574 795 1637; x_wconf 90' lang='lat' dir='ltr'>cauta</span> <span class='ocrx_word' id='word_1_81' title='bbox 821 1569 1072 1654; x_wconf 85' lang='lat' dir='ltr'>investigatione</span> <span class='ocrx_word' id='word_1_82' title='bbox 1098 1574 1244 1638; x_wconf 87' lang='lat' dir='ltr'>curanda</span> 
     </span>
     <span class='ocr_line' id='line_1_13' title="bbox 185 1671 1244 1757; baseline 0.001 -18"><span class='ocrx_word' id='word_1_83' title='bbox 185 1677 259 1752; x_wconf 88' lang='lat' dir='ltr'>erit,</span> <span class='ocrx_word' id='word_1_84' title='bbox 275 1673 323 1740; x_wconf 90' lang='lat' dir='ltr'>ita</span> <span class='ocrx_word' id='word_1_85' title='bbox 338 1677 507 1752; x_wconf 90' lang='lat' dir='ltr'>nimirum,</span> <span class='ocrx_word' id='word_1_86' title='bbox 524 1676 562 1738; x_wconf 93' lang='lat' dir='ltr'>ut</span> <span class='ocrx_word' id='word_1_87' title='bbox 582 1672 733 1757; x_wconf 91' lang='lat' dir='ltr'>pluribus</span> <span class='ocrx_word' id='word_1_88' title='bbox 752 1671 921 1738; x_wconf 89' lang='lat' dir='ltr'>hincinde</span> <span class='ocrx_word' id='word_1_89' title='bbox 938 1673 1095 1752; x_wconf 86' lang='lat' dir='ltr'>collectis,</span> <span class='ocrx_word' id='word_1_90' title='bbox 1114 1695 1244 1741; x_wconf 88' lang='lat' dir='ltr'>eorum·</span> 
     </span>
     <span class='ocr_line' id='line_1_14' title="bbox 187 1775 1246 1863; baseline 0.001 -21"><span class='ocrx_word' id='word_1_91' title='bbox 187 1798 250 1863; x_wconf 92' lang='lat' dir='ltr'>que</span> <span class='ocrx_word' id='word_1_92' title='bbox 265 1780 381 1842; x_wconf 88' lang='lat' dir='ltr'>natura</span> <span class='ocrx_word' id='word_1_93' title='bbox 395 1797 566 1861; x_wconf 88' lang='lat' dir='ltr'>perpensa,</span> <span class='ocrx_word' id='word_1_94' title='bbox 582 1778 682 1861; x_wconf 91' lang='lat' dir='ltr'>prout</span> <span class='ocrx_word' id='word_1_95' title='bbox 698 1776 822 1842; x_wconf 88' lang='lat' dir='ltr'>scilicet</span> <span class='ocrx_word' id='word_1_96' title='bbox 837 1775 1038 1859; x_wconf 87' lang='lat' dir='ltr'>urgentiora,</span> <span class='ocrx_word' id='word_1_97' title='bbox 1054 1778 1110 1843; x_wconf 83' lang='lat' dir='ltr'>vel</span> <span class='ocrx_word' id='word_1_98' title='bbox 1125 1779 1246 1843; x_wconf 87' lang='lat' dir='ltr'>leviora</span> 
     </span>
     <span class='ocr_line' id='line_1_15' title="bbox 185 1878 1244 1963; baseline 0 -17"><span class='ocrx_word' id='word_1_99' title='bbox 185 1883 276 1958; x_wconf 89' lang='lat' dir='ltr'>sunt,</span> <span class='ocrx_word' id='word_1_100' title='bbox 307 1901 367 1946; x_wconf 90' lang='lat' dir='ltr'>seu</span> <span class='ocrx_word' id='word_1_101' title='bbox 396 1879 576 1963; x_wconf 89' lang='lat' dir='ltr'>propriore,</span> <span class='ocrx_word' id='word_1_102' title='bbox 606 1881 659 1944; x_wconf 82' lang='lat' dir='ltr'>vel</span> <span class='ocrx_word' id='word_1_103' title='bbox 685 1878 861 1944; x_wconf 89' lang='lat' dir='ltr'>remotiore</span> <span class='ocrx_word' id='word_1_104' title='bbox 887 1900 974 1944; x_wconf 85' lang='lat' dir='ltr'>nexu</span> <span class='ocrx_word' id='word_1_105' title='bbox 1000 1901 1077 1945; x_wconf 88' lang='lat' dir='ltr'>oum</span> <span class='ocrx_word' id='word_1_106' title='bbox 1103 1881 1244 1946; x_wconf 87' lang='lat' dir='ltr'>veritate</span> 
     </span>
     <span class='ocr_line' id='line_1_16' title="bbox 186 1981 1245 2068; baseline 0.001 -20"><span class='ocrx_word' id='word_1_107' title='bbox 186 1983 304 2048; x_wconf 89' lang='lat' dir='ltr'>mortis</span> <span class='ocrx_word' id='word_1_108' title='bbox 333 1985 587 2067; x_wconf 86' lang='lat' dir='ltr'>conjunguntur,</span> <span class='ocrx_word' id='word_1_109' title='bbox 615 1981 692 2047; x_wconf 90' lang='lat' dir='ltr'>inde</span> <span class='ocrx_word' id='word_1_110' title='bbox 721 1984 893 2066; x_wconf 89' lang='lat' dir='ltr'>prudentis</span> <span class='ocrx_word' id='word_1_111' title='bbox 920 1982 983 2047; x_wconf 89' lang='lat' dir='ltr'>viri</span> <span class='ocrx_word' id='word_1_112' title='bbox 1004 1982 1172 2068; x_wconf 88' lang='lat' dir='ltr'>judicium</span> <span class='ocrx_word' id='word_1_113' title='bbox 1203 1984 1245 2049; x_wconf 93' lang='lat' dir='ltr'>ad</span> 
     </span>
     <span class='ocr_line' id='line_1_17' title="bbox 185 2083 1244 2167; baseline 0.001 -17"><span class='ocrx_word' id='word_1_114' title='bbox 185 2086 338 2150; x_wconf 87' lang='lat' dir='ltr'>eamdem</span> <span class='ocrx_word' id='word_1_115' title='bbox 353 2087 495 2149; x_wconf 91' lang='lat' dir='ltr'>mortem</span> <span class='ocrx_word' id='word_1_116' title='bbox 512 2084 744 2149; x_wconf 87' lang='lat' dir='ltr'>affirmandam</span> <span class='ocrx_word' id='word_1_117' title='bbox 767 2083 994 2167; x_wconf 89' lang='lat' dir='ltr'>probabilitate</span> <span class='ocrx_word' id='word_1_118' title='bbox 1009 2089 1169 2164; x_wconf 86' lang='lat' dir='ltr'>maxima,</span> <span class='ocrx_word' id='word_1_119' title='bbox 1187 2108 1244 2153; x_wconf 87' lang='lat' dir='ltr'>seu</span> 
     </span>
     <span class='ocr_line' id='line_1_18' title="bbox 185 2185 1243 2271; baseline 0 -17"><span class='ocrx_word' id='word_1_120' title='bbox 185 2187 303 2254; x_wconf 86' lang='lat' dir='ltr'>morali</span> <span class='ocrx_word' id='word_1_121' title='bbox 326 2185 521 2251; x_wconf 83' lang='lat' dir='ltr'>certitudine</span> <span class='ocrx_word' id='word_1_122' title='bbox 544 2189 729 2270; x_wconf 88' lang='lat' dir='ltr'>promoveri</span> <span class='ocrx_word' id='word_1_123' title='bbox 751 2185 868 2270; x_wconf 89' lang='lat' dir='ltr'>possit.</span> <span class='ocrx_word' id='word_1_124' title='bbox 915 2187 1124 2271; x_wconf 79' lang='lat' dir='ltr'>Quapropter</span> <span class='ocrx_word' id='word_1_125' title='bbox 1139 2209 1243 2271; x_wconf 90' lang='lat' dir='ltr'>quan·</span> 
     </span>
     <span class='ocr_line' id='line_1_19' title="bbox 185 2288 1242 2376; baseline 0.002 -22"><span class='ocrx_word' id='word_1_126' title='bbox 185 2291 305 2355; x_wconf 91' lang='lat' dir='ltr'>donam</span> <span class='ocrx_word' id='word_1_127' title='bbox 320 2289 356 2353; x_wconf 88' lang='lat' dir='ltr'>in</span> <span class='ocrx_word' id='word_1_128' title='bbox 373 2290 511 2372; x_wconf 91' lang='lat' dir='ltr'>singulis</span> <span class='ocrx_word' id='word_1_129' title='bbox 528 2288 660 2354; x_wconf 85' lang='lat' dir='ltr'>casibus</span> <span class='ocrx_word' id='word_1_130' title='bbox 681 2288 841 2354; x_wconf 89' lang='lat' dir='ltr'>habeatur</span> <span class='ocrx_word' id='word_1_131' title='bbox 857 2310 897 2353; x_wconf 86' lang='lat' dir='ltr'>ex</span> <span class='ocrx_word' id='word_1_132' title='bbox 911 2289 1104 2374; x_wconf 89' lang='lat' dir='ltr'>hujusmodi</span> <span class='ocrx_word' id='word_1_133' title='bbox 1120 2296 1242 2376; x_wconf 91' lang='lat' dir='ltr'>conjec-</span> 
     </span>
     <span class='ocr_line' id='line_1_20' title="bbox 184 2390 1242 2476; baseline 0.001 -19"><span class='ocrx_word' id='word_1_134' title='bbox 184 2396 268 2458; x_wconf 91' lang='lat' dir='ltr'>turis</span> <span class='ocrx_word' id='word_1_135' title='bbox 292 2391 392 2458; x_wconf 90' lang='lat' dir='ltr'>simul</span> <span class='ocrx_word' id='word_1_136' title='bbox 417 2391 599 2476; x_wconf 87' lang='lat' dir='ltr'>conjunctis</span> <span class='ocrx_word' id='word_1_137' title='bbox 621 2394 712 2476; x_wconf 88' lang='lat' dir='ltr'>justa</span> <span class='ocrx_word' id='word_1_138' title='bbox 738 2390 894 2475; x_wconf 89' lang='lat' dir='ltr'>probatio,</span> <span class='ocrx_word' id='word_1_139' title='bbox 916 2392 950 2455; x_wconf 92' lang='lat' dir='ltr'>id</span> <span class='ocrx_word' id='word_1_140' title='bbox 972 2395 1125 2476; x_wconf 89' lang='lat' dir='ltr'>prudenti</span> <span class='ocrx_word' id='word_1_141' title='bbox 1147 2394 1242 2459; x_wconf 88' lang='lat' dir='ltr'>relin-</span> 
     </span>
     <span class='ocr_line' id='line_1_21' title="bbox 186 2493 1244 2579; baseline 0.003 -21"><span class='ocrx_word' id='word_1_142' title='bbox 186 2495 353 2578; x_wconf 89' lang='lat' dir='ltr'>quendum</span> <span class='ocrx_word' id='word_1_143' title='bbox 370 2497 419 2560; x_wconf 91' lang='lat' dir='ltr'>est</span> <span class='ocrx_word' id='word_1_144' title='bbox 438 2494 561 2579; x_wconf 87' lang='lat' dir='ltr'>judicis</span> <span class='ocrx_word' id='word_1_145' title='bbox 584 2493 734 2571; x_wconf 88' lang='lat' dir='ltr'>arbitrio;</span> <span class='ocrx_word' id='word_1_146' title='bbox 760 2493 832 2558; x_wconf 89' lang='lat' dir='ltr'>heic</span> <span class='ocrx_word' id='word_1_147' title='bbox 848 2502 961 2559; x_wconf 84' lang='lat' dir='ltr'>tamen</span> <span class='ocrx_word' id='word_1_148' title='bbox 977 2516 1043 2559; x_wconf 94' lang='lat' dir='ltr'>non</span> <span class='ocrx_word' id='word_1_149' title='bbox 1059 2496 1118 2560; x_wconf 94' lang='lat' dir='ltr'>abs</span> <span class='ocrx_word' id='word_1_150' title='bbox 1133 2519 1168 2560; x_wconf 92' lang='lat' dir='ltr'>re</span> <span class='ocrx_word' id='word_1_151' title='bbox 1183 2496 1244 2562; x_wconf 89' lang='lat' dir='ltr'>erit</span> 
     </span>
     <span class='ocr_line' id='line_1_22' title="bbox 185 2596 1241 2682; baseline 0.005 -22"><span class='ocrx_word' id='word_1_152' title='bbox 185 2599 297 2680; x_wconf 89' lang='lat' dir='ltr'>plures</span> <span class='ocrx_word' id='word_1_153' title='bbox 322 2597 464 2662; x_wconf 88' lang='lat' dir='ltr'>indicare</span> <span class='ocrx_word' id='word_1_154' title='bbox 489 2599 596 2661; x_wconf 85' lang='lat' dir='ltr'>fontes</span> <span class='ocrx_word' id='word_1_155' title='bbox 623 2618 661 2661; x_wconf 84' lang='lat' dir='ltr'>ex</span> <span class='ocrx_word' id='word_1_156' title='bbox 688 2596 806 2681; x_wconf 89' lang='lat' dir='ltr'>quibus</span> <span class='ocrx_word' id='word_1_157' title='bbox 831 2596 908 2661; x_wconf 90' lang='lat' dir='ltr'>illae</span> <span class='ocrx_word' id='word_1_158' title='bbox 933 2597 1000 2663; x_wconf 86' lang='lat' dir='ltr'>sive</span> <span class='ocrx_word' id='word_1_159' title='bbox 1026 2598 1241 2682; x_wconf 86' lang='lat' dir='ltr'>urgentiores,</span> 
     </span>
     <span class='ocr_line' id='line_1_23' title="bbox 185 2699 979 2783; baseline -0.001 -18"><span class='ocrx_word' id='word_1_160' title='bbox 185 2699 253 2765; x_wconf 82' lang='lat' dir='ltr'>sive</span> <span class='ocrx_word' id='word_1_161' title='bbox 269 2699 367 2764; x_wconf 85' lang='lat' dir='ltr'>etiam</span> <span class='ocrx_word' id='word_1_162' title='bbox 381 2699 518 2765; x_wconf 91' lang='lat' dir='ltr'>leviores</span> <span class='ocrx_word' id='word_1_163' title='bbox 533 2699 651 2783; x_wconf 86' lang='lat' dir='ltr'>colligi,</span> <span class='ocrx_word' id='word_1_164' title='bbox 669 2708 701 2763; x_wconf 90' lang='lat' dir='ltr'>et</span> <span class='ocrx_word' id='word_1_165' title='bbox 716 2699 827 2763; x_wconf 90' lang='lat' dir='ltr'>haberi</span> <span class='ocrx_word' id='word_1_166' title='bbox 842 2699 979 2783; x_wconf 89' lang='lat' dir='ltr'>possint.</span> 
     </span>
    </p>

    <p class='ocr_par' dir='ltr' id='par_1_4' title="bbox 185 2801 1244 3297">
     <span class='ocr_line' id='line_1_24' title="bbox 230 2801 1244 2887; baseline -0.001 -17"><span class='ocrx_word' id='word_1_167' title='bbox 230 2807 260 2870; x_wconf 77' lang='lat'>7.</span> <span class='ocrx_word' id='word_1_168' title='bbox 285 2803 403 2883; x_wconf 87' lang='lat' dir='ltr'>Itaque</span> <span class='ocrx_word' id='word_1_169' title='bbox 418 2805 453 2865; x_wconf 92' lang='lat' dir='ltr'>in</span> <span class='ocrx_word' id='word_1_170' title='bbox 468 2801 582 2885; x_wconf 88' lang='lat' dir='ltr'>primis</span> <span class='ocrx_word' id='word_1_171' title='bbox 602 2801 676 2866; x_wconf 90' lang='lat' dir='ltr'>illae</span> <span class='ocrx_word' id='word_1_172' title='bbox 696 2805 980 2886; x_wconf 88' lang='lat' dir='ltr'>praesumptiones</span> <span class='ocrx_word' id='word_1_173' title='bbox 995 2805 1244 2887; x_wconf 85' lang='lat' dir='ltr'>investigandae</span> 
     </span>
     <span class='ocr_line' id='line_1_25' title="bbox 186 2904 1243 2989; baseline 0.003 -20"><span class='ocrx_word' id='word_1_174' title='bbox 186 2907 284 2969; x_wconf 88' lang='lat' dir='ltr'>erunt</span> <span class='ocrx_word' id='word_1_175' title='bbox 307 2925 392 2986; x_wconf 89' lang='lat' dir='ltr'>quae</span> <span class='ocrx_word' id='word_1_176' title='bbox 414 2921 591 2988; x_wconf 86' lang='lat' dir='ltr'>personam</span> <span class='ocrx_word' id='word_1_177' title='bbox 613 2904 716 2988; x_wconf 89' lang='lat' dir='ltr'>ipsius</span> <span class='ocrx_word' id='word_1_178' title='bbox 740 2905 856 2969; x_wconf 89' lang='lat' dir='ltr'>asserti</span> <span class='ocrx_word' id='word_1_179' title='bbox 882 2904 1028 2970; x_wconf 85' lang='lat' dir='ltr'>defuncti</span> <span class='ocrx_word' id='word_1_180' title='bbox 1049 2906 1243 2989; x_wconf 90' lang='lat' dir='ltr'>respiciunt,</span> 
     </span>
     <span class='ocr_line' id='line_1_26' title="bbox 185 3006 1243 3094; baseline 0.003 -22"><span class='ocrx_word' id='word_1_181' title='bbox 185 3028 334 3093; x_wconf 91' lang='lat' dir='ltr'>quaeque</span> <span class='ocrx_word' id='word_1_182' title='bbox 364 3007 506 3091; x_wconf 86' lang='lat' dir='ltr'>profecto</span> <span class='ocrx_word' id='word_1_183' title='bbox 537 3006 630 3071; x_wconf 85' lang='lat' dir='ltr'>facile</span> <span class='ocrx_word' id='word_1_184' title='bbox 659 3006 772 3071; x_wconf 89' lang='lat' dir='ltr'>haberi</span> <span class='ocrx_word' id='word_1_185' title='bbox 809 3009 967 3091; x_wconf 88' lang='lat' dir='ltr'>poterunt</span> <span class='ocrx_word' id='word_1_186' title='bbox 996 3028 1017 3073; x_wconf 90' lang='lat' dir='ltr'>a</span> <span class='ocrx_word' id='word_1_187' title='bbox 1047 3013 1243 3094; x_wconf 86' lang='lat' dir='ltr'>conjunctis,</span> 
     </span>
     <span class='ocr_line' id='line_1_27' title="bbox 185 3109 1242 3198; baseline 0.003 -22"><span class='ocrx_word' id='word_1_188' title='bbox 185 3110 307 3188; x_wconf 86' lang='lat' dir='ltr'>amicis,</span> <span class='ocrx_word' id='word_1_189' title='bbox 323 3109 449 3186; x_wconf 88' lang='lat' dir='ltr'>vicinis,</span> <span class='ocrx_word' id='word_1_190' title='bbox 468 3113 500 3174; x_wconf 89' lang='lat' dir='ltr'>et</span> <span class='ocrx_word' id='word_1_191' title='bbox 516 3130 646 3195; x_wconf 92' lang='lat' dir='ltr'>quoquo</span> <span class='ocrx_word' id='word_1_192' title='bbox 670 3111 765 3174; x_wconf 91' lang='lat' dir='ltr'>modo</span> <span class='ocrx_word' id='word_1_193' title='bbox 785 3113 874 3175; x_wconf 91' lang='lat' dir='ltr'>notis</span> <span class='ocrx_word' id='word_1_194' title='bbox 894 3113 1067 3193; x_wconf 88' lang='lat' dir='ltr'>utriusque</span> <span class='ocrx_word' id='word_1_195' title='bbox 1082 3112 1242 3198; x_wconf 85' lang='lat' dir='ltr'>conjugis.</span> 
     </span>
     <span class='ocr_line' id='line_1_28' title="bbox 185 3211 878 3297; baseline -0.004 -18"><span class='ocrx_word' id='word_1_196' title='bbox 185 3217 227 3279; x_wconf 92' lang='lat' dir='ltr'>In</span> <span class='ocrx_word' id='word_1_197' title='bbox 243 3235 384 3297; x_wconf 91' lang='lat' dir='ltr'>quorum</span> <span class='ocrx_word' id='word_1_198' title='bbox 400 3211 549 3277; x_wconf 88' lang='lat' dir='ltr'>examine</span> <span class='ocrx_word' id='word_1_199' title='bbox 565 3216 754 3294; x_wconf 88' lang='lat' dir='ltr'>requiratur</span> <span class='ocrx_word' id='word_1_200' title='bbox 769 3236 814 3277; x_wconf 78' lang='lat' dir='ltr'>ex.</span> <span class='ocrx_word' id='word_1_201' title='bbox 829 3236 878 3296; x_wconf 77' lang='lat' dir='ltr'>pr.</span> 
     </span>
    </p>

    <p class='ocr_par' dir='ltr' id='par_1_5' title="bbox 186 3313 1244 3810">
     <span class='ocr_line' id='line_1_29' title="bbox 229 3313 1244 3399; baseline 0.003 -18"><span class='ocrx_word' id='word_1_202' title='bbox 229 3320 283 3381; x_wconf 84' lang='lat' dir='ltr'>Ao</span> <span class='ocrx_word' id='word_1_203' title='bbox 293 3315 359 3394; x_wconf 90' lang='lat' dir='ltr'>ille,</span> <span class='ocrx_word' id='word_1_204' title='bbox 373 3316 413 3379; x_wconf 93' lang='lat' dir='ltr'>de</span> <span class='ocrx_word' id='word_1_205' title='bbox 425 3318 517 3399; x_wconf 88' lang='lat' dir='ltr'>cujus</span> <span class='ocrx_word' id='word_1_206' title='bbox 529 3313 622 3379; x_wconf 88' lang='lat' dir='ltr'>obitu</span> <span class='ocrx_word' id='word_1_207' title='bbox 634 3318 684 3381; x_wconf 91' lang='lat' dir='ltr'>est</span> <span class='ocrx_word' id='word_1_208' title='bbox 697 3336 814 3394; x_wconf 89' lang='lat' dir='ltr'>sermo,</span> <span class='ocrx_word' id='word_1_209' title='bbox 828 3315 923 3380; x_wconf 90' lang='lat' dir='ltr'>bonis</span> <span class='ocrx_word' id='word_1_210' title='bbox 934 3315 1080 3380; x_wconf 91' lang='lat' dir='ltr'>moribus</span> <span class='ocrx_word' id='word_1_211' title='bbox 1092 3319 1244 3384; x_wconf 86' lang='lat' dir='ltr'>imbutus</span> 
     </span>
     <span class='ocr_line' id='line_1_30' title="bbox 186 3417 1242 3504; baseline 0.002 -20"><span class='ocrx_word' id='word_1_212' title='bbox 186 3422 288 3498; x_wconf 88' lang='lat' dir='ltr'>esset;</span> <span class='ocrx_word' id='word_1_213' title='bbox 323 3417 386 3503; x_wconf 91' lang='lat' dir='ltr'>pie,</span> <span class='ocrx_word' id='word_1_214' title='bbox 418 3417 633 3500; x_wconf 88' lang='lat' dir='ltr'>religioseque</span> <span class='ocrx_word' id='word_1_215' title='bbox 662 3421 802 3497; x_wconf 86' lang='lat' dir='ltr'>viveret;</span> <span class='ocrx_word' id='word_1_216' title='bbox 838 3439 1037 3503; x_wconf 82' lang='lat' dir='ltr'>uxoremque</span> <span class='ocrx_word' id='word_1_217' title='bbox 1067 3419 1222 3504; x_wconf 88' lang='lat' dir='ltr'>diligeret</span> <span class='ocrx_word' id='word_1_218' title='bbox 1234 3447 1242 3501; x_wconf 92' lang='lat'>;</span> 
     </span>
     <span class='ocr_line' id='line_1_31' title="bbox 186 3520 1244 3601; baseline 0.004 -15"><span class='ocrx_word' id='word_1_219' title='bbox 186 3523 310 3586; x_wconf 89' lang='lat' dir='ltr'>nullam</span> <span class='ocrx_word' id='word_1_220' title='bbox 342 3541 413 3586; x_wconf 90' lang='lat' dir='ltr'>sese</span> <span class='ocrx_word' id='word_1_221' title='bbox 443 3520 628 3584; x_wconf 83' lang='lat' dir='ltr'>occultandi</span> <span class='ocrx_word' id='word_1_222' title='bbox 662 3540 796 3585; x_wconf 91' lang='lat' dir='ltr'>oausam</span> <span class='ocrx_word' id='word_1_223' title='bbox 826 3521 981 3601; x_wconf 82' lang='lat' dir='ltr'>haberet3</span> <span class='ocrx_word' id='word_1_224' title='bbox 1012 3525 1125 3587; x_wconf 88' lang='lat' dir='ltr'>utrum</span> <span class='ocrx_word' id='word_1_225' title='bbox 1154 3524 1244 3590; x_wconf 88' lang='lat' dir='ltr'>bona</span> 
     </span>
     <span class='ocr_line' id='line_1_32' title="bbox 186 3621 1244 3709; baseline 0.004 -20"><span class='ocrx_word' id='word_1_226' title='bbox 186 3623 315 3690; x_wconf 89' lang='lat' dir='ltr'>stabilia</span> <span class='ocrx_word' id='word_1_227' title='bbox 335 3621 528 3707; x_wconf 85' lang='lat' dir='ltr'>possideret,</span> <span class='ocrx_word' id='word_1_228' title='bbox 548 3623 598 3687; x_wconf 87' lang='lat' dir='ltr'>vel</span> <span class='ocrx_word' id='word_1_229' title='bbox 614 3621 716 3688; x_wconf 88' lang='grc'><strong>61166</strong></span> <span class='ocrx_word' id='word_1_230' title='bbox 732 3622 801 3688; x_wconf 89' lang='lat' dir='ltr'>suis</span> <span class='ocrx_word' id='word_1_231' title='bbox 816 3627 1019 3709; x_wconf 88' lang='lat' dir='ltr'>propinquis,</span> <span class='ocrx_word' id='word_1_232' title='bbox 1035 3633 1093 3689; x_wconf 85' lang='lat' dir='ltr'>out</span> <span class='ocrx_word' id='word_1_233' title='bbox 1108 3626 1244 3693; x_wconf 90' lang='lat' dir='ltr'>aliunde</span> 
     </span>
     <span class='ocr_line' id='line_1_33' title="bbox 187 3733 456 3810; baseline -0.007 -19"><span class='ocrx_word' id='word_1_234' title='bbox 187 3747 317 3810; x_wconf 90' lang='lat' dir='ltr'>sperare</span> <span class='ocrx_word' id='word_1_235' title='bbox 332 3733 456 3809; x_wconf 89' lang='lat' dir='ltr'>posset.</span> 
     </span>
    </p>

    <p class='ocr_par' dir='ltr' id='par_1_6' title="bbox 183 3825 1245 4015">
     <span class='ocr_line' id='line_1_34' title="bbox 228 3825 1245 3918; baseline 0.009 -28"><span class='ocrx_word' id='word_1_236' title='bbox 228 3830 282 3891; x_wconf 84' lang='lat' dir='ltr'>Ao</span> <span class='ocrx_word' id='word_1_237' title='bbox 298 3827 483 3892; x_wconf 90' lang='lat' dir='ltr'>discesserit</span> <span class='ocrx_word' id='word_1_238' title='bbox 507 3825 731 3892; x_wconf 88' lang='lat' dir='ltr'>annuentibus</span> <span class='ocrx_word' id='word_1_239' title='bbox 747 3848 857 3908; x_wconf 84' lang='lat' dir='ltr'>uxore,</span> <span class='ocrx_word' id='word_1_240' title='bbox 876 3838 908 3895; x_wconf 92' lang='lat' dir='ltr'>et</span> <span class='ocrx_word' id='word_1_241' title='bbox 930 3828 1135 3916; x_wconf 89' lang='lat' dir='ltr'>conjunctis:</span> <span class='ocrx_word' id='word_1_242' title='bbox 1161 3855 1245 3918; x_wconf 89' lang='lat' dir='ltr'>quae</span> 
     </span>
     <span class='ocr_line' id='line_1_35' title="bbox 183 3929 799 4015; baseline 0.003 -20"><span class='ocrx_word' id='word_1_243' title='bbox 183 3932 262 3996; x_wconf 91' lang='lat' dir='ltr'>tunc</span> <span class='ocrx_word' id='word_1_244' title='bbox 278 3933 348 4015; x_wconf 89' lang='lat' dir='ltr'>ejus</span> <span class='ocrx_word' id='word_1_245' title='bbox 364 3931 467 4007; x_wconf 89' lang='lat' dir='ltr'>aetas,</span> <span class='ocrx_word' id='word_1_246' title='bbox 485 3933 517 3995; x_wconf 91' lang='lat' dir='ltr'>et</span> <span class='ocrx_word' id='word_1_247' title='bbox 532 3929 684 3996; x_wconf 83' lang='lat' dir='ltr'>valetudo</span> <span class='ocrx_word' id='word_1_248' title='bbox 700 3934 799 3997; x_wconf 89' lang='lat' dir='ltr'>esset.</span> 
     </span>
    </p>
   </div>
   <div class='ocr_carea' id='block_1_3' title="bbox 0 0 1290 4410">
    <p class='ocr_par' dir='ltr' id='par_1_7' title="bbox 0 0 1290 4410">
     <span class='ocr_line' id='line_1_36' title="bbox 0 0 1290 4410; baseline 0 0"><span class='ocrx_word' id='word_1_249' title='bbox 0 0 1290 4410; x_wconf 95' lang='lat' dir='ltr'> </span> 
     </span>
    </p>
   </div>
  </div>
 </body>
</html>
