2572 4410
692 375 734 439 60

183 560 277 623 Dima
306 558 445 623 Michael
484 559 637 643 Higgins,
667 559 723 643 qui
754 559 851 622 etiam
886 557 1084 643 Scriptorum
1124 557 1235 621 Officio

182 664 356 746 fungentur
369 664 403 726 in
421 662 557 746 Synodo.

229 768 463 833 Cancellarius:
495 766 699 831 Reverendus
745 767 905 831 Dominus
943 765 1119 832 Gualterus
1156 765 1234 841 Lee,

186 873 256 937 S.T.
271 872 373 949 Dect,
391 872 571 936 canonicus
586 879 619 937 et
632 871 800 956 parochus.

689 1381 730 1445 V.

255 1527 299 1570 DE
329 1526 496 1571 tumemus
526 1525 694 1573 clusarum
723 1526 951 1573 Pnnsonnnnur
980 1527 1015 1572 IN
1046 1527 1171 1572 SYNODO

578 1627 841 1674 occursandum.

230 1759 279 1823 Ne
304 1781 376 1824 vero
402 1759 603 1843 singulorum
632 1781 755 1836 causae,
778 1782 884 1825 rerum
914 1761 1094 1844 graviorum
1116 1782 1241 1845 quaec

186 1861 288 1926 Nobis
302 1863 337 1925 in
352 1862 412 1926 hoo
426 1863 567 1945 plenario
577 1862 719 1926 Concilio
734 1863 786 1946 agi
801 1863 929 1940 debent,
939 1885 1069 1927 cursum
1083 1863 1241 1948 impedire

188 1967 326 2048 possint,
339 1965 421 2042 ideo,
433 1966 546 2029 Rerriri
557 1972 590 2029 et
600 1966 689 2028 Illr'iri
700 1967 832 2030 Domini
842 1967 996 2050 Episcopi
1006 1967 1239 2049 Gorcagiensie,

188 2072 381 2149 Derriensis,
398 2073 581 2151 Fernensis,
598 2072 841 2148 (llonfertensis,
858 2072 934 2136 huic
955 2074 1082 2137 muneri
1096 2073 1241 2156 praefici-

188 2182 297 2251 untur,
314 2181 351 2238 ut
373 2176 554 2239 absentium
578 2175 808 2252 excusationes,
826 2194 998 2258 causasque
1028 2181 1102 2238 ante
1128 2174 1259 2238 dimin-i

188 2299 257 2340 sam
275 2277 438 2359 Synodum
453 2277 602 2353 abeundi,
619 2278 742 2360 siquae
757 2298 775 2339 a
790 2278 939 2362 quopiam
954 2278 1143 2361 allegentur,
1167 2300 1242 2362 cog·

188 2390 332 2458 noscant,
357 2403 472 2465 easque
505 2383 544 2445 ad
582 2402 641 2445 nos
677 2381 832 2445 deferant.
898 2380 972 2446 Duo
995 2404 1034 2446 ex
1069 2383 1243 2467 praedictis

189 2484 346 2566 episcopis
360 2483 401 2546 ad
415 2504 544 2546 caueam
560 2484 734 2565 quamlibet
749 2484 961 2548 dirimendam
978 2484 1148 2549 sufficient.

689 3029 747 3092 VI.

290 3198 334 3242 DE
355 3198 420 3243 NON
442 3198 647 3261 medendum
669 3203 711 3246 ET
734 3203 777 3247 me
801 3202 944 3250 SEGRETO
967 3204 1145 3252 SDRVANDO.

235 3324 386 3400 Domum,
417 3325 573 3388 universis
602 3327 658 3408 qui
687 3326 727 3390 ad
755 3328 838 3392 hano
868 3331 1031 3412 Synodum
1067 3331 1248 3415 plenariam

196 3434 421 3513 convenerunt,
436 3430 471 3491 in
486 3430 603 3492 virtute
626 3440 751 3497 sanctae
774 3435 973 3501 obedientiae
995 3445 1028 3502 et
1050 3438 1110 3502 sub
1131 3441 1248 3523 poenis

196 3533 230 3593 in
253 3535 324 3616 jure
350 3533 492 3607 statutis,
517 3533 738 3615 praecipimus,
766 3559 806 3602 ne
832 3547 1003 3624 antequam
1030 3542 1179 3624 Synodus
1205 3544 1249 3608 ad

197 3637 319 3698 exitum
334 3635 486 3719 perducta
500 3635 606 3711 fuerit,
631 3643 663 3699 et
682 3642 750 3721 ejus
773 3650 842 3707 acta
862 3646 1051 3730 subscripta,
1069 3647 1248 3726 discedant,

198 3742 262 3803 nisi
277 3741 316 3805 ob
327 3743 433 3824 justas
456 3745 488 3802 et
510 3740 713 3807 rationabiles
736 3767 847 3812 causas
869 3750 1054 3815 facultatem
1077 3752 1250 3818 recedendi

197 3840 314 3924 aliquis
340 3863 359 3904 a
381 3840 530 3903 Patribus
550 3841 730 3922 obtinuerit,
752 3855 784 3913 et
807 3871 847 3915 ne
871 3858 990 3917 secreta
1013 3854 1053 3917 ad
1079 3855 1250 3938 Synodum

199 3943 376 4026 spectantia
390 3942 508 4024 publici
519 3943 602 4025 juris
614 3945 743 4012 faciant.
