2572 4410
580 331 644 395 241

84 502 109 536 ‘⁴
122 502 157 567 in
181 498 320 583 singulis
343 497 474 566 casibus
496 503 658 587 assignari
679 520 746 568 non
771 507 891 587 potest.
938 503 1142 590 Quapropter

82 606 156 669 “in
178 601 310 669 casibus
332 608 371 669 ut
400 623 500 688 supra
526 603 793 691 particularibue,
817 602 986 677 deficiente
1007 607 1141 693 presby·

82 710 108 741 “
118 712 262 773 tororum
283 707 383 791 eopia,
401 708 540 792 aliisque
563 710 716 775 omnibus
738 707 991 775 circumstantiis
1013 719 1141 780 mature

82 812 109 844 “
119 811 289 895 perpensis
299 811 451 894 prudenti
457 810 580 895 judicio
593 811 773 897 Superioris
785 810 1017 891 definiendum,
1029 821 1141 880 utrum

82 915 109 946 “
120 934 158 979 eo
172 915 209 977 in
224 935 301 977 casu
315 921 510 979 concurrant
532 917 639 999 gravia
660 937 768 980 rerum
791 916 954 1000 adjuncta,
972 938 1053 1002 quae
1075 923 1139 983 tra·

82 1017 108 1048 “
117 1017 201 1081 dunt
215 1015 372 1081 Doctores
394 1016 597 1084 necessitatis
612 1038 724 1083 casum
740 1018 861 1084 efficere
879 1021 941 1099 (uti
955 1017 1142 1104 propositus

82 1117 260 1198 “videtur)
278 1120 315 1182 in
330 1141 393 1204 quo
415 1120 650 1205 dispensationi
673 1141 694 1185 6
715 1123 886 1205 praecepto
902 1123 1078 1188 universali
1099 1121 1141 1188 de

82 1225 184 1288 “non
207 1223 355 1289 iterando
379 1223 535 1290 sacrificio
558 1226 598 1290 ab
621 1226 733 1290 eodem
755 1226 941 1309 presbytero
965 1225 1141 1312 eademque

82 1326 107 1357 “
119 1327 171 1391 die
186 1327 277 1392 locus
292 1326 360 1406 fiat,
377 1335 410 1392 61
430 1326 563 1392 binandi
577 1326 725 1393 facultati
739 1327 939 1407 tribuendae,
962 1351 1025 1415 qua
1046 1349 1140 1414 parce

82 1431 251 1494 “omnino
281 1431 377 1494 illum
405 1433 457 1495 uti
487 1431 601 1496 debere
627 1452 667 1497 ex
690 1430 860 1516 apostolici
884 1434 989 1517 ipsius
1018 1430 1141 1497 indulti

82 1531 225 1598 “verbis
240 1535 386 1617 apprime
409 1533 635 1618 perspicitur.'’
679 1534 709 1599 n
740 1542 855 1620 questa
884 1537 1061 1601 istruaione
1087 1535 1139 1600 ne’

80 1635 216 1699 termini
232 1635 330 1701 stessi
352 1634 388 1701 111
410 1635 534 1703 inviata
555 1639 586 1702 al
600 1640 743 1703 Vescovo
766 1639 800 1702 di
822 1637 947 1703 Treviri
968 1639 1138 1717 11611853,

81 1737 124 1802 da
139 1740 233 1822 parte
248 1738 302 1804 del
317 1741 412 1825 quale
434 1761 535 1806 erano
552 1743 633 1807 stati
658 1742 804 1826 proposti
820 1744 951 1806 svariati
966 1742 1066 1807 dubbi
1088 1741 1140 1806 sul

80 1838 197 1906 binare
211 1843 243 1907 la
258 1863 379 1921 messa,
398 1843 614 1929 essendoglisi
631 1843 742 1910 scritto
758 1846 789 1907 ai
811 1846 854 1908 28
872 1846 1063 1923 Settembre,
1080 1842 1140 1908 che

80 1944 276 2011 considerati
290 1945 303 2011 i
319 1949 391 2012 suoi
405 1950 526 2032 quesiti
542 1950 704 2014 “censuit
720 1947 756 2015 S.
773 1949 985 2032 congregatio
997 1948 1139 2012 dandam

81 2049 188 2113 “esse
211 2048 471 2128 instructionem,
496 2070 595 2136 quam
620 2099 628 2115 .
653 2099 663 2115 .
686 2100 694 2114 .
719 2100 728 2117 .
751 2048 900 2115 Vicarius
928 2045 1139 2132 Apostolicus

81 2151 105 2182 “
116 2148 331 2233 Limburgen.
350 2151 494 2217 obtinuit
511 2151 573 2216 sub
589 2152 640 2216 die
656 2153 697 2215 31
714 2151 797 2215 Julii
812 2172 853 2214 an
869 2151 985 2214 1851.”

126 2252 177 2316 16.
200 2253 264 2316 Ρ61
279 2253 363 2317 61116
373 2255 424 2318 116
435 2254 464 2318 le
472 2251 558 2319 16116
567 2251 718 2338 risposte,
732 2253 791 2316 che
803 2252 940 2316 affidano
955 2249 980 2314 11
995 2248 1138 2335 giudiaio

80 2352 168 2418 sulla
193 2355 318 2437 gravita
346 2355 428 2419 delle
449 2375 548 2420 cause
572 2355 603 2419 al
630 2355 813 2438 Superiora,
839 2353 953 2417 alcuue
978 2350 1138 2416 meritone

78 2456 228 2539 peculiar
243 2459 427 2533 menzione,
445 2479 535 2522 come
550 2458 656 2543 quelle
671 2458 729 2521 che
746 2476 845 2521 senza
861 2457 1039 2538 dilungarsi
1055 2455 1139 2520 dalla

81 2658 167 2723 delle
182 2679 289 2736 cause,
303 2661 451 2725 indicano
464 2658 600 2724 insieme
616 2658 651 2724 in
667 2660 805 2745 qualche
815 2657 910 2742 guise
925 2659 1102 2744 1661161111,
1118 2679 1138 2723 6

79 2759 106 2826 11
121 2761 220 2845 grado
236 2763 320 2827 della
335 2765 497 2828 necessita
511 2762 665 2829 richiesta
680 2784 738 2848 per
753 2765 784 2828 la
797 2761 976 2842 binarione,
994 2785 1011 2828 e
1032 2763 1138 2827 talora

80 2867 265 2946 temperano
281 2865 432 2948 alquanto
455 2861 697 2950 l'impressione,
715 2887 732 2930 6
747 2866 891 2930 colmano
921 2866 952 2928 la
975 2864 1138 2929 soverchia
1197 2942 1200 2949 Ι

81 2967 208 3030 61111611
238 2967 416 3033 6116616611
441 2969 588 3052 prodotto
612 2972 665 3034 ne'
682 2969 816 3034 Veseovi
841 2991 859 3032 6
885 2969 1084 3033 Missionarii
1105 2966 1137 3031 le

81 3068 235 3147 clausola,
267 3072 340 3135 ond'
372 3073 390 3134 e
413 3072 573 3136 vincolata
599 3071 683 3136 nelle
706 3070 855 3135 Formole
878 3077 989 3154 questa
1004 3069 1135 3133 1666111.

81 3171 156 3236 Una
171 3173 278 3236 ditali
303 3175 441 3257 risposte
456 3170 492 3237 111
508 3175 582 3238 data
596 3174 651 3238 nel
667 3174 752 3236 1848
769 3171 810 3236 ad
825 3195 870 3236 un
886 3172 1028 3236 Vesoovo
1051 3169 1137 3254 degli

82 3275 168 3340 Stati
183 3275 277 3341 Uniti
292 3276 492 3342 d'America:
517 3282 539 3311 ‘⁴
552 3278 654 3342 Venio
676 3277 716 3340 ad
738 3277 936 3361 postulatum
950 3282 1045 3339 tuum
1057 3277 1138 3354 (cosi
1176 3280 1178 3285 ’

82 3378 104 3408 “
114 3374 150 3440 in
165 3398 233 3442 una
248 3379 363 3443 lettera
378 3380 430 3443 dei
452 3383 472 3444 9
488 3376 634 3463 Maggio)
650 3375 732 3443 circa
755 3377 889 3441 modum
904 3372 1137 3461 interpretandi

82 3479 341 3545 “necessitatem
363 3504 444 3566 quae
465 3480 639 3567 requiritur
662 3482 702 3546 ad
717 3481 845 3545 licitum
860 3500 958 3544 usum
973 3480 1136 3544 facultatis

82 3583 214 3646 “bisin
230 3581 282 3648 die
297 3586 431 3649 missam
447 3585 636 3648 celebrandi.
659 3633 665 3648 .
690 3630 697 3646 .
720 3628 728 3644 .
773 3581 905 3646 Noverit
920 3601 995 3663 ergo
1010 3579 1134 3664 Ampli·

82 3675 194 3745 “tudo
218 3683 290 3746 Tua
314 3684 539 3747 necessitatem
565 3682 763 3768 hujusmodi,
790 3683 829 3746 de
852 3704 914 3767 qua
942 3688 1047 3746 sermo
1073 3687 1134 3759 eet,

82 3784 227 3848 “veram
243 3783 374 3869 quidem
397 3784 455 3851 sed
470 3785 628 3850 moralem
650 3783 809 3869 intelligi;
834 3806 901 3850 uon
917 3784 1143 3850 6116116116·
1222 3788 1225 3794 ’

82 3885 217 3952 “lutam
242 3886 284 3952 de
314 3908 379 3974 qua
407 3888 542 3973 proinde
571 3887 746 3971 dijudicare
773 3890 809 3953 in
840 3886 978 3972 singulis
1009 3888 1137 3954 casibus
