2572 4410
609 291 674 355 910

159 463 197 528 Ν
197 462 379 528 .B.—cum
393 462 602 529 rationalismi
621 463 794 545 systemate
809 463 981 528 cohaerent
994 465 1171 530 maximam

114 573 238 650 partem
252 587 373 630 errores
387 566 520 629 Antonii
546 564 704 641 Giinther,
721 566 777 648 qui
802 566 994 630 damnantur
1007 567 1043 630 in
1058 565 1169 649 Epist.

115 669 156 732 ad
185 668 277 732 (lard.
292 667 442 751 Archiep.
459 668 683 732 Coloniensem
704 668 871 731 Eximiom
897 679 992 743 wem,
1014 671 1055 732 15
1077 668 1170 734 Junii

117 771 213 847 1847,
230 773 262 835 et
277 772 312 834 in
326 769 436 853 Epist.
451 770 492 833 ad
509 768 621 853 Epise.
637 769 934 836 wratislaviensem
947 771 1066 835 Dolore
1082 771 1171 835 houd

114 872 276 951 malesei,
293 874 336 937 30
350 871 471 956 Aprilis
487 874 584 938 1860.

594 1136 692 1218 6ΠΙ.

304 1294 634 1353 mnmrnnnrrrusnus,
650 1294 977 1340 murrunnuarsnus.

160 1445 213 1506 15.
236 1440 390 1506 Liberum
416 1444 530 1526 enique
558 1442 684 1506 homini
706 1448 756 1505 est
770 1462 842 1506 eam
856 1444 1005 1526 amplecti
1020 1464 1056 1506 ao
1070 1442 1166 1527 profi·

114 1546 175 1608 teri
196 1545 394 1629 religionem,
407 1565 503 1628 quam
518 1545 652 1608 rationis
679 1544 802 1608 lumine
831 1547 905 1629 quis
927 1545 1044 1609 duetus
1060 1567 1166 1610 veram

114 1649 285 1730 putaverit.

157 1751 239 1814 Litt.
254 1750 369 1834 Apost.
385 1749 581 1831 Multiplices
595 1749 690 1826 inter,
707 1750 749 1812 10
765 1748 856 1813 lunii
872 1751 969 1814 1851.

157 1867 259 1933 Alloe.
275 1869 424 1932 Maximo
438 1867 573 1949 quidem,
590 1870 610 1932 9
625 1866 718 1932 Junii
733 1868 829 1931 1862.

158 1971 211 2034 16.
235 1971 395 2036 Homines
409 1971 444 2033 in
466 1971 607 2052 cujusvis
632 1970 797 2053 religionis
819 1971 907 2035 eultu
922 1972 1006 2035 viam
1021 1977 1167 2036 aeternae

114 2073 228 2138 salutis
243 2075 379 2157 reperire
395 2079 620 2156 aeternamque
635 2072 773 2137 salutem
787 2075 918 2157 assequi
932 2079 1084 2157 possunt.
1181 2108 1189 2119 ·

156 2176 263 2259 Epist.
279 2175 410 2258 Eneyol
429 2175 492 2253 Qut
502 2174 660 2255 pluribvs,
678 2177 698 2240 9
714 2174 904 2239 Novembris
921 2176 1017 2240 1846.

155 2278 258 2342 Alloe.
280 2279 343 2343 Ubi
352 2278 502 2358 primam,
520 2279 561 2344 17
576 2276 763 2340 Decembris
780 2279 876 2345 1847.

155 2381 264 2462 Epist.
280 2380 413 2462 Eneyel.
430 2380 597 2462 Singulari
611 2379 746 2460 quietem,
765 2382 806 2446 17
822 2381 934 2444 Martii
950 2382 1044 2445 1856.

157 2483 210 2548 17.
237 2481 359 2548 Saltem
381 2482 461 2545 bene
490 2481 687 2565 sperandum
716 2489 767 2545 est
802 2483 842 2546 de
872 2489 1001 2547 aeterna
1037 2483 1170 2549 illorum

112 2585 257 2647 omnium
281 2583 394 2660 salute,
411 2585 466 2667 qui
494 2585 529 2647 in
550 2603 625 2647 vera
655 2584 777 2647 Christi
798 2582 946 2649 Eeelesia
966 2607 1171 2670 nequaquam

114 2692 291 2749 vorsantur.

155 2787 260 2851 Alloo.
277 2786 443 2868 Singulari
458 2786 606 2868 quodem,
620 2789 640 2853 9
656 2786 842 2853 Decembris
859 2789 954 2853 1854.

157 2887 266 2972 Epist.
282 2888 415 2971 Eneyel.
433 2889 560 2966 Quanto
576 2891 789 2970 conficiemus,
810 2893 851 2958 17
865 2890 1007 2976 Augusti
1022 2892 1120 2956 1868.

159 2993 212 3057 18.
236 2990 527 3056 Protestantismus
553 3013 618 3055 non
647 2991 735 3055 aliud
750 2999 799 3056 est
814 3013 913 3076 quam
938 2992 1063 3058 diversa
1076 3015 1170 3058 verae

113 3094 257 3176 ejusdem
281 3093 487 3160 Christianae
502 3095 668 3176 religionis
684 3096 801 3171 forma,
818 3097 853 3159 in
876 3118 938 3180 qua
953 3117 1052 3180 aeque
1074 3118 1112 3160 ae
1133 3099 1170 3161 in

112 3193 259 3260 Eeelesia
274 3196 437 3260 Oatholiea
451 3195 520 3260 Deo
534 3196 657 3278 plaeere
672 3197 785 3261 <latum
800 3204 860 3262 est.

156 3297 264 3382 Epist.
280 3298 413 3381 Eneyel.
429 3298 570 3364 Noaeite'a
585 3307 615 3362 et
628 3298 811 3378 Nobiscum,
829 3301 850 3364 8
864 3299 1053 3366 Decembris
1069 3303 1168 3369 1849.
