2572 4410
621 323 686 388 aa4

167 495 359 563 Notandum
385 517 459 562 vero
488 493 731 580 abjurationem
754 517 814 561 seu
845 493 1084 579 professionem
1106 495 1186 564 fidei

122 598 226 665 aliam
241 618 314 663 esse
337 599 379 663 ab
394 617 433 663 ea
449 617 531 682 qnae
545 595 691 662 habetur
705 598 742 661 in
757 596 858 660 Bulla
873 594 926 660 Pii
950 596 1009 662 Ν.
1049 596 1139 661 Nam
1161 617 1183 663 a

124 704 282 787 Suprema
299 702 333 765 S.
351 702 388 770 G.
407 701 441 764 S.
458 696 562 766 Officii
576 700 780 791 praescripta
805 696 869 763 fuit
893 699 953 764 illa
968 719 1050 782 qnae
1065 698 1185 765 adnec-

120 803 206 871 titur
220 824 280 888 pro
298 800 512 870 conversione
540 801 791 878 haereticorum,
809 821 914 884 eaque
938 804 1055 867 utetur
1075 801 1187 887 Epus.

122 908 241 973 Orator
255 926 331 971 cum
346 905 489 999 formata
504 903 720 970 absolutionis
735 925 820 989 quae
835 907 959 990 pariter
973 904 1184 991 adjungitur.

163 1067 418 1144 N.B.-Quoad
453 1065 690 1150 professionem
727 1064 804 1132 fidei
832 1067 904 1131 vide
941 1064 1057 1132 folium
1092 1067 1186 1152 typis

119 1171 254 1244 editum,
272 1171 371 1253 atque
385 1166 459 1232 heic
473 1165 756 1250 imprimendum:
782 1166 889 1252 quoad
899 1187 977 1233 vero
1002 1169 1184 1233 formulam

119 1269 348 1346 absolutionis,
366 1292 406 1334 en
429 1269 546 1333 modus
560 1291 624 1353 quo
638 1268 825 1354 proceditur
838 1293 893 1335 :—

161 1372 403 1436 Neo-converso
419 1367 591 1452 genuflexo
606 1373 776 1446 manente,
795 1371 954 1437 Sacerdos
970 1373 1089 1437 sedens
1099 1372 1184 1439 dicit

119 1469 175 1534 Ps.
191 1470 360 1546 Miserere,
377 1471 451 1535 etc..
469 1471 535 1533 sive
546 1469 602 1534 Ps.
613 1472 664 1533 De
678 1470 867 1552 Prosaadie,
883 1474 957 1548 etc,
969 1493 1045 1536 eum
1062 1474 1180 1538 Gloria

118 1571 215 1634 Patri
228 1570 265 1632 in
280 1567 357 1633 fine.
404 1569 475 1646 Quo
493 1568 585 1635 finito
601 1568 761 1636 Sacerdos
777 1579 868 1637 stans
884 1571 983 1639 dicit:

160 1670 264 1749 Kyrie
279 1670 406 1733 eleison.
454 1670 580 1735 Christe
601 1671 728 1736 eleison.
774 1675 877 1754 Kyrie
901 1675 1029 1739 eleison.
1075 1677 1180 1741 Pater

117 1781 234 1835 aester.
282 1772 449 1850 (Secreto).

165 1875 203 1937 V.
227 1874 275 1937 Et
290 1895 330 1937 ae
344 1894 402 1937 aaa
413 1872 548 1936 iudaeae
560 1872 597 1936 ia
609 1874 827 1938 tentationem.
864 1876 908 1939 R.
932 1875 1178 1940 Sedliteraaoa

117 1973 248 2037 amalo.

165 2072 203 2136 V.
226 2070 360 2136 Salvam
367 2069 428 2152 fac
442 2091 568 2134 saraam
583 2079 671 2135 taaaa
684 2072 746 2153 (ael
758 2073 911 2137 ancillam
926 2076 1040 2152 taam.)

161 2169 204 2232 R.
229 2170 319 2232 Deae
334 2189 422 2232 meae
437 2178 616 2250 merentem
631 2171 666 2233 ia
682 2179 719 2233 te.

163 2266 202 2329 V.
235 2267 385 2342 Domine,
413 2268 530 2331 eaaadi
555 2269 730 2332 orationem
753 2291 868 2335 meane.
913 2273 957 2336 R.
984 2275 1034 2337 Et
1056 2275 1176 2339 elamor

118 2389 203 2431 meae
214 2368 257 2430 ad
273 2378 301 2431 te
312 2369 431 2431 aeaiat.
693 2362 695 2367 ’

163 2472 200 2534 V.
224 2473 383 2535 Doaaiaaa
397 2473 567 2536 actiacam.
612 2475 655 2537 R.
680 2475 812 2538 Etcum
829 2479 947 2558 spirita
966 2488 1027 2542 tao.

573 2707 725 2774 Oranus.

158 2841 247 2904 Deae
264 2840 316 2903 cai
326 2841 496 2923 propriam
507 2852 554 2907 est
562 2844 706 2908 misereri
717 2867 840 2927 semper
856 2857 886 2910 et
895 2853 1173 2935 parcere,saeeipe

115 2944 366 3026 deprecationem
380 2954 533 3024 aastraae,
546 2956 583 3009 at
598 2947 681 3010 taae
687 2948 849 3030 famatam
861 2961 948 3015 taam
962 2952 1172 3036 (haecfama-

116 3046 182 3110 tam
205 3047 304 3124 taam)
330 3066 420 3126 qaeaa
453 3045 573 3127 (qaam)
607 3052 940 3118 excommonicationis
964 3065 1077 3120 eatena
1100 3081 1172 3124 eoa-

113 3148 254 3229 etriapit,
279 3147 443 3211 miseratio
471 3157 542 3212 taae
560 3149 694 3231 pietatis
717 3151 882 3217 elementer
904 3156 1057 3219 absolvat.
1104 3161 1172 3223 Per

111 3248 298 3324 Dominam,
316 3256 373 3310 ete.

159 3343 286 3408 Deinde
311 3343 467 3410 Sacerdos
495 3346 596 3424 sedet,
615 3354 648 3412 et
668 3349 711 3413 ad
734 3348 948 3418 Profitentem
962 3354 1171 3437 genuflexum

115 3464 242 3522 versus,
259 3466 334 3508 eum
349 3446 391 3508 ab
406 3444 536 3510 haeresi
553 3447 693 3514 absolvit
709 3448 830 3515 dicens.

154 3545 353 3608 Auctoritate
368 3545 564 3625 Apostolica,
582 3569 645 3628 aaa
659 3549 784 3632 fereper
798 3553 834 3614 ia
850 3553 910 3618 tae
920 3565 1026 3637 parte,
1042 3557 1169 3622 abactae

111 3657 140 3711 te
155 3669 177 3710 a
190 3645 317 3708 viaeata
332 3647 664 3713 excommunicationis
680 3649 787 3732 qaam1
802 3653 980 3733 iaearricti,
992 3667 1022 3719 et
1034 3659 1167 3722 restituo

143 3811 150 3839 ¹
160 3810 193 3857 In
205 3806 283 3856 dubio
291 3807 361 3870 gravi
368 3813 414 3857 aut
424 3810 475 3859 levi
483 3815 573 3860 utrum
581 3811 718 3874 poenitens
726 3817 1019 3869 excommunicationem
1027 3820 1169 3874 incurrerit

110 3903 156 3953 per
168 3884 295 3935 haeresim
306 3886 455 3951 professam,
470 3888 594 3939 Sacerdos
604 3889 647 3938 hic
657 3890 756 3940 inserat
767 3893 919 3944 vocabulum
929 3897 1027 3959 forsan.
