2572 4410
607 367 669 430 102

158 558 231 623 147.
256 554 291 618 Si
304 573 377 617 vero
388 551 510 635 privata
521 549 736 613 admonitione
746 570 825 633 opus
836 572 907 615 esse
919 553 1111 638 intelligent,
1125 557 1160 620 in

113 681 183 726 eam
208 658 357 733 docendo,
385 654 555 738 arguendo,
580 654 782 730 obsecrando,
806 676 862 738 pro
884 657 931 719 rei
955 679 1109 741 personae
1125 682 1161 724 ao

113 763 267 845 temporis
275 762 407 833 ratione,
418 756 615 820 incumbent.
648 756 908 822 Confirmationis
920 759 1160 826 Sacramentum

114 865 170 930 ubi
185 884 265 946 opus
280 861 351 936 erit,
367 856 607 921 ministrabunt.

159 970 233 1032 148.
257 967 297 1028 In
328 962 462 1045 singulis
486 961 563 1024 locis
589 982 608 1023 a
629 962 704 1025 viris
728 968 841 1040 aetate,
866 985 927 1028 usu
950 970 983 1028 et
1004 966 1163 1048 probitate

116 1069 355 1143 commendatis,
373 1067 411 1130 de
426 1064 575 1128 omnibus
591 1065 750 1129 subtiliter
764 1067 926 1150 inquirent
940 1091 1020 1154 quae
1036 1092 1090 1136 eos
1105 1092 1163 1154 pro

116 1178 211 1245 officii
226 1175 276 1238 sui
290 1192 421 1235 munere
438 1170 517 1233 sciro
529 1169 694 1251 oportebit.

162 1279 233 1342 149.
255 1275 433 1339 Ecclesiam
448 1279 481 1336 et
492 1293 602 1336 omnes
617 1275 686 1357 ejus
700 1281 806 1356 partes
819 1277 1012 1360 inspicient:
1030 1300 1070 1342 an
1079 1281 1115 1343 in
1128 1265 1166 1343 eo

118 1382 208 1446 cultu
218 1386 250 1443 et
259 1381 361 1442 nitore
371 1383 548 1452 teneantur,
563 1378 618 1460 qui
629 1377 758 1441 domum
770 1378 832 1443 Dei
841 1380 971 1446 deceat:
996 1391 1028 1447 et
1044 1386 1071 1449 si
1087 1387 1167 1469 quid

117 1483 359 1557 restituendum,
369 1480 587 1563 reparandum,
597 1482 922 1548 reconcinnandumve
933 1487 977 1549 sit
981 1487 1115 1569 jubeant
1127 1490 1167 1552 ab

119 1591 166 1654 eis
178 1588 218 1652 ad
233 1608 312 1671 quos
322 1586 470 1669 pertinet,
482 1590 513 1648 et
524 1586 711 1667 praesertim
724 1586 762 1649 ab
773 1588 843 1669 ipso
852 1590 996 1671 paroch0,
1010 1595 1167 1658 resarciri.

165 1694 237 1756 150.
259 1689 440 1753 Videndum
470 1689 566 1752 etiam
596 1709 636 1751 an
666 1690 771 1753 desint
793 1697 908 1767 vestes,
932 1694 1015 1772 libri,
1042 1697 1168 1775 calices,

119 1804 264 1883 patenae,
280 1794 460 1877 corporalia,
479 1798 510 1855 et
525 1792 646 1874 reliqua
661 1795 730 1875 ejus
753 1797 878 1877 generis
900 1797 1115 1864 instrumenta
1137 1808 1171 1865 et

121 1903 305 1965 ornamenta
320 1917 399 1979 qnae
415 1894 455 1957 ad
466 1894 589 1958 Altaria
603 1895 829 1973 ministerium,
846 1903 878 1960 et
893 1898 932 1961 ad
947 1900 1053 1964 divina
1067 1903 1171 1967 officia

122 2009 200 2071 sunt
214 2001 411 2065 necessaria:
435 2020 475 2062 an
491 1998 545 2061 illa
567 1998 687 2061 munda
709 2005 741 2062 et
762 2006 896 2082 purgata
919 2009 1103 2068 serventur:
1129 2027 1170 2069 an

122 2109 284 2175 Ecclesiae
312 2105 396 2181 libri,
426 2111 531 2168 vetera
557 2104 682 2185 scripta,
707 2105 922 2169 instrumenta
946 2112 978 2169 et
1004 2108 1172 2192 privilegia

123 2210 362 2274 custodiantur:
385 2228 426 2270 an
448 2227 558 2270 eorum
580 2205 670 2269 reddi
691 2207 793 2288 possit
814 2208 895 2272 ratio
917 2211 1045 2291 quaein
1060 2210 1172 2274 inven-

124 2315 242 2377 tarium
258 2313 355 2375 relata
371 2316 458 2374 sunt.

170 2419 243 2495 151.
267 2415 318 2478 An
334 2413 467 2477 Parochi
482 2414 650 2490 resideant,
664 2419 695 2477 et
711 2414 977 2479 administrationi
988 2418 1172 2482 Sacramen-

125 2526 242 2592 torum,
260 2523 291 2579 et
313 2514 488 2578 Missarum
511 2536 546 2577 ac
569 2515 747 2577 divinorum
770 2517 942 2580 officiorum
957 2519 1172 2598 celebrationi,

124 2627 157 2684 et
166 2617 450 2682 anniversariorum
459 2617 677 2698 persolutioni,
686 2618 820 2701 aliisque
829 2622 977 2685 oneribus
988 2629 1019 2686 et
1028 2626 1173 2687 muneri-

123 2726 184 2791 bus
201 2722 415 2798 satisfaciant3
439 2741 518 2803 quae
534 2721 577 2782 sit
591 2721 673 2783 vitae
689 2743 798 2785 eorum
813 2725 914 2789 ratio:
938 2727 992 2808 qui
1014 2727 1172 2807 vestitus;

125 2830 316 2916 quibuscum
332 2826 449 2890 versari
464 2825 607 2903 soleant3
632 2828 734 2908 qualis
750 2829 793 2890 sit
808 2849 916 2892 eorum
930 2831 1061 2894 familia.

172 2935 246 2998 152.
269 2933 321 2994 An
337 2930 471 2995 Paroohi
485 2930 583 2994 libros
599 2930 736 2994 habeant
750 2933 785 2994 in
800 2933 915 3015 quibus
929 2935 1173 3017 baptizatorum,

124 3039 394 3111 confirmatorum,
422 3055 530 3097 eorum
554 3036 608 3117 qui
631 3037 833 3100 matrimonio
863 3040 1110 3121 conjunguntur,
1143 3047 1176 3104 et

124 3146 348 3211 defunctorum
357 3140 487 3203 nomina
499 3146 530 3202 et
541 3141 728 3221 cognomina
738 3141 955 3206 describantur
964 3144 1175 3207 adtramitem

126 3246 267 3311 Ritualis
293 3242 443 3306 Romani.
499 3241 596 3305 Porro
625 3242 773 3304 volumus
805 3248 842 3306 ut
874 3245 1058 3326 aparoohis
1085 3245 1176 3309 adhi-

125 3348 261 3413 beantur
275 3343 349 3405 libri
362 3342 421 3417 illi,
433 3342 468 3404 in
484 3340 647 3404 columnas
662 3340 755 3403 divisi
777 3346 809 3404 et
830 3342 914 3424 typis
936 3343 1094 3425 impressi,
1119 3345 1177 3426 qui

128 3450 168 3514 ab
183 3448 350 3532 Episcopis
366 3446 529 3529 approbati
544 3451 630 3509 sunt.

174 3554 247 3614 153.
271 3552 322 3612 An
338 3550 399 3611 rite
413 3548 613 3610 Sacramenta
627 3548 868 3626 ministrentur;
887 3571 926 3613 an
940 3558 1176 3616 sacrosanctum

130 3655 351 3718 Eucharistiae
367 3656 608 3727 sacramentum,
641 3672 765 3714 sacrum
796 3654 954 3730 Chrisma,
986 3661 1018 3717 et
1054 3656 1177 3739 reliqua

131 3780 282 3835 storace
304 3757 472 3831 munditia,
496 3776 581 3831 cura,
606 3761 638 3818 et
660 3755 801 3819 custodia
823 3777 884 3840 qua
907 3759 1033 3838 debent,
1050 3781 1176 3825 conser-

130 3869 244 3926 ventur
259 3869 290 3925 et
307 3883 364 3925 suo
379 3868 520 3943 tempore
535 3865 709 3923 mutentur.

176 3965 249 4028 154.
273 3964 324 4025 An
339 3963 480 4046 legitime
495 3963 696 4026 matrimonia
711 3963 947 4030 contrahantur.
