2572 4410
623 309 667 374 84

118 495 248 561 statutis
262 490 454 578 quibusdam
468 491 581 559 diebus
596 497 628 558 et
641 491 730 558 horis
744 490 861 576 populo
872 494 1070 577 opportunis,
1078 513 1169 579 prae-

119 600 229 664 sertim
252 595 392 662 sabbatis
407 601 440 662 et
454 598 574 683 vigiliis
588 599 744 663 festorum
758 597 793 661 in
808 596 946 680 singulis
960 595 1170 662 hebdomadi·

117 701 179 767 bus
190 703 225 765 in
239 699 384 764 Ecclesia
393 698 519 784 publica
534 700 574 765 ad
585 700 801 765 confessiones
810 698 984 763 audiendas
996 720 1030 764 se
1042 701 1173 764 sistant.

161 804 215 868 84.
238 803 419 867 Hortentur
430 823 553 888 quoque
568 801 697 885 parochi
708 800 819 866 fideles
829 807 970 885 utquam
985 801 1174 886 saepissime

118 906 159 971 ad
173 906 234 970 hoc
243 910 485 970 sacramentum
501 904 663 970 accedant.

161 1009 212 1072 85.
235 1008 413 1071 Hortamur
437 1006 591 1091 parochos
613 1012 652 1071 ut
674 1011 798 1091 praeter
823 1011 992 1073 consuetas
1016 1006 1174 1072 stationes

117 1110 255 1174 habeant
287 1108 368 1172 alias
400 1109 578 1192 aliquoties,
606 1112 639 1173 et
668 1108 781 1174 saltem
811 1107 910 1173 semel
937 1108 974 1172 in
1010 1129 1106 1188 anno,
1138 1109 1175 1173 in

118 1217 263 1280 Ecclesia
295 1214 478 1299 parochiali,
507 1214 548 1278 ad
576 1234 655 1299 quas
686 1213 889 1297 presbyteros
918 1211 1086 1277 viciniores
1105 1233 1173 1278 seu

117 1325 285 1383 extraneos
300 1338 469 1381 convocare
485 1317 625 1401 expedit.

161 1421 214 1485 86.
239 1419 322 1484 Oum
344 1439 437 1485 casus
467 1420 629 1497 reservati,
661 1420 690 1485 si
719 1417 953 1483 numerosiores
987 1419 1064 1497 sint,
1095 1419 1174 1502 plus

117 1529 283 1592 molestiae
325 1529 389 1612 ipsi
418 1530 610 1592 confessario
644 1550 741 1613 quam
770 1528 980 1613 delinquenti,
1009 1530 1172 1596 ordinarie

118 1634 265 1710 afferant,
281 1632 359 1696 haec
375 1633 516 1715 synodus
527 1632 595 1698 vult
610 1653 664 1697 eos
679 1632 719 1697 ad
734 1633 867 1697 crimina
881 1635 1034 1698 atrociora
1054 1638 1172 1700 arctari

116 1760 198 1823 quae
207 1739 397 1803 necessitate
412 1739 598 1824 disciplinae
613 1741 781 1806 Praesules
804 1741 866 1807 sibi
888 1743 1076 1807 reservanda
1099 1765 1175 1811 esse

111 1841 272 1924 judicant.
316 1842 458 1905 Perutile
484 1848 569 1907 esset
583 1863 707 1927 quoque
728 1843 769 1907 ad
790 1843 928 1908 sedanda
953 1845 1051 1909 dubia
1076 1851 1175 1931 atque

118 1945 295 2010 anxietates
336 1946 546 2031 quorumdam
585 1949 850 2014 confessariorum
886 1956 923 2014 ut
959 1972 1025 2016 non
1061 1953 1172 2018 solum

116 2053 231 2112 natura
245 2050 366 2133 peccati
379 2051 531 2114 reservati
545 2051 696 2116 distincte
711 2051 908 2129 exhibeatur,
926 2052 982 2118 sed
997 2055 1094 2118 etiam
1105 2056 1167 2119 cir-

116 2153 327 2215 cumstantiae
357 2172 393 2215 ac
422 2153 620 2217 conditiones
660 2153 720 2218 sub
750 2154 877 2238 quibus,
916 2175 956 2218 ex
988 2157 1173 2222 intentione

117 2255 289 2336 superioris
297 2275 363 2319 non
373 2263 661 2339 reservatur-v.g.
673 2256 700 2319 si
710 2257 745 2318 in
756 2257 860 2338 prima
873 2258 1081 2337 confessione,
1095 2261 1173 2324 siin

117 2355 324 2420 Confessione
339 2357 490 2440 generali,
510 2359 539 2422 si
564 2358 726 2422 occasione
741 2359 867 2422 itineris
882 2365 938 2423 aut
952 2362 1170 2445 navigationis

112 2460 238 2542 longae,
253 2462 289 2524 si·
303 2482 376 2525 oum
400 2461 490 2524 adest
504 2463 538 2525 in
565 2469 716 2545 peccante
737 2463 918 2547 ignorantia
932 2468 1171 2546 reservationis,

116 2563 171 2627 &a
226 2564 329 2627 Casus
358 2571 538 2629 reservatus
559 2566 593 2628 in
621 2565 758 2631 dioecesi
781 2568 966 2632 confessarii
994 2588 1059 2632 non
1090 2569 1168 2634 sub-

114 2667 253 2734 trahitur
275 2669 481 2732 reservationi
504 2691 540 2733 ea
564 2669 603 2733 de
626 2691 720 2735 causa
741 2673 827 2757 quod
848 2693 912 2736 non
935 2679 1111 2739 reservetur
1132 2675 1171 2738 in

113 2768 251 2833 dioecesi
265 2771 472 2855 poenitentis.

159 2875 212 2942 87.
235 2874 287 2939 Ad
308 2876 507 2960 frequentem
546 2877 781 2943 confessionem
811 2878 922 2944 sedulo
960 2878 1171 2945 adhortentur

113 2976 243 3061 parochi
260 2999 336 3043 suae
351 2999 444 3043 curae
458 2979 646 3045 commissos
661 2980 782 3058 fideles,
799 2988 831 3045 et
847 2983 1028 3046 omnimode
1042 3003 1169 3065 promo-

114 3086 208 3145 veant
259 3081 428 3166 utriusque
469 3104 564 3148 sexus
602 3083 877 3148 confraternitates
910 3104 990 3168 quae
1042 3085 1169 3167 praxim

114 3185 261 3250 mansilis
291 3186 501 3252 confessionis
525 3192 556 3251 et
578 3188 814 3253 communionis
848 3194 999 3272 tanquam
1021 3189 1168 3272 regulam

113 3290 245 3355 habent.

158 3394 211 3457 88.
236 3391 333 3456 Omni
368 3392 569 3458 solicitudine
598 3399 786 3480 praeparent
817 3394 965 3478 parvulos
1005 3394 1046 3459 ad
1090 3415 1168 3462 suas

113 3494 232 3578 primas
247 3495 462 3561 confessiones
478 3503 572 3582 atquo
587 3496 715 3581 aliquod
735 3504 863 3581 tempus
879 3498 966 3575 anni,
983 3517 1040 3581 pro
1055 3499 1168 3580 populi

40 3655 42 3661 ,
114 3597 163 3659 sui
179 3597 439 3675 circumstantiis,
457 3599 605 3683 seligant,
629 3600 664 3664 in
681 3621 743 3684 quo
763 3599 840 3664 huic
860 3599 961 3662 officio
977 3600 1167 3683 convenien-

112 3707 161 3765 ter
183 3701 365 3768 incumbere
386 3703 522 3770 valeant.
568 3706 640 3769 Hae
662 3704 891 3770 instructiones
913 3706 1167 3788 praeparatoriae

113 3806 215 3871 multo
238 3809 355 3893 majora
377 3815 532 3894 proventu
555 3817 649 3897 atque
672 3811 802 3877 meliore
818 3811 924 3875 fructu
946 3811 982 3874 in
1006 3811 1166 3878 Ecclesiis

112 3908 352 3994 impertiuntur.
