2572 4410
614 285 658 353 98

157 475 230 541 137.
247 475 404 551 Quoniam
414 472 506 537 nobis
517 474 656 537 infausta
664 475 857 557 experientia
866 479 1162 561 constal‚quosdam

114 581 308 656 Sacerdotes,
324 575 374 643 vel
388 580 519 653 incuria,
537 578 586 641 vel
601 579 701 642 nimio
723 580 819 655 fastu,
835 582 885 644 vel
908 585 1163 665 consanguineos

112 683 235 747 ditandi
249 705 354 759 causa,
372 682 519 766 gravibus
541 682 656 745 debitis
682 704 751 747 sese
777 705 916 760 onerare,
945 707 1018 749 cum
1041 708 1161 770 magno

111 787 246 868 proximi
261 785 461 860 detrimento,
478 790 510 847 et
525 784 667 847 fidelium
690 787 847 861 scandalo,
875 787 1093 869 prohibemus,
1120 809 1163 851 no

111 888 146 949 in
183 893 357 969 posterum,
389 888 459 950 sine
495 907 644 968 expressa
681 888 839 950 Ordinarii
875 888 1013 964 licentia,
1044 890 1163 973 aliquis

113 991 274 1053 Perochus
283 991 454 1073 plusquam
466 995 605 1064 centum,
620 1010 679 1052 nec
689 990 834 1053 Vicarius
845 991 1016 1073 plusquam
1027 993 1164 1075 triginta

112 1114 279 1156 aureorum
295 1091 401 1155 debito
416 1112 486 1154 sese
502 1091 637 1154 scienter
659 1098 778 1155 oneret.
835 1092 1047 1157 Prohibemus
1073 1116 1163 1177 prae-

112 1202 198 1259 terea
213 1217 254 1259 ne
270 1191 451 1259 sacerdotes
468 1196 648 1278 quicunque
670 1194 836 1257 Ecclesiae
852 1196 983 1257 nomine
998 1196 1049 1258 vel
1064 1217 1164 1260 causa

113 1321 167 1363 aas
177 1300 320 1362 alienum
329 1299 518 1363 contrahant
530 1296 598 1363 sine
609 1297 763 1382 Episcopi
774 1298 904 1362 licentia
916 1296 1033 1382 scripto
1044 1299 1162 1364 danda.

524 1769 567 1813 nu
584 1747 773 1813 muscosus.1

128 1914 133 1925 ·
159 1874 232 1936 138.
248 1872 400 1956 Episcopi
411 1873 531 1955 passim
543 1893 561 1935 a
572 1872 628 1933 SS.
639 1870 798 1947 Patribus,
812 1871 976 1954 Principes
988 1871 1164 1951 Ecclesiae,

113 1974 340 2058 Apostolorum
371 1977 583 2052 Successores,
622 1981 654 2038 et
692 1975 813 2038 Christi
849 1976 963 2058 Legati
999 1985 1163 2042 vocantur.

120 2081 223 2156 Quam
238 2064 378 2144 difficilia
393 2082 459 2144 sint
481 2101 590 2144 eorum
613 2100 745 2142 munera
761 2100 800 2141 ex
815 2079 957 2142 Concilio
975 2079 1164 2146 Tridentino

115 2192 240 2248 constat
255 2184 522 2268 :-“0ptandum
534 2189 629 2248 estut
640 2184 663 2245 ii
674 2183 729 2266 qui
741 2182 930 2265 Episcopale
945 2183 1162 2248 ministerium

116 2289 137 2317 “
152 2289 340 2371 suscipiunt,
351 2309 430 2370 quae
447 2308 522 2350 suae
538 2287 604 2349 sint
618 2291 724 2368 partes
740 2290 927 2367 agnoscant3
952 2305 987 2347 ac
1000 2306 1033 2347 se
1045 2306 1111 2348 non
1124 2284 1164 2347 ad

116 2391 137 2418 “
150 2391 275 2471 propria
287 2389 457 2462 commoda,
469 2409 533 2451 non
543 2388 582 2450 ad
594 2387 719 2449 divitias
729 2392 784 2449 aut
792 2385 915 2463 luxum,
923 2386 978 2450 sed
988 2389 1028 2450 ad
1038 2387 1165 2451 labores

117 2495 179 2555 “et
196 2494 426 2556 sollicitudines
443 2515 499 2575 pro
522 2493 622 2575 gloria
642 2493 703 2555 Dei
724 2499 851 2556 vocatos
874 2515 943 2557 esse
966 2492 1162 2575 intelligant.

117 2596 137 2624 “
150 2595 216 2656 Nec
228 2596 313 2657 enim
324 2594 532 2657 dubitandum
545 2599 604 2670 est,
612 2600 644 2656 et
656 2593 913 2678 fideles‘reliquos
925 2595 965 2658 ad
976 2595 1164 2676 religionem

117 2699 138 2728 “
151 2686 427 2780 innocentiamque
437 2697 560 2760 facilius
570 2698 824 2775 inflammandos,
839 2700 867 2762 si
878 2699 1074 2781 praepositos
1086 2719 1165 2761 suos

117 2801 138 2829 “
151 2799 286 2861 viderint
302 2819 366 2862 non
382 2820 418 2862 ea
433 2820 512 2881 quae
526 2799 741 2877 mundi‘sunt,
759 2800 814 2863 sed
830 2802 1008 2863 animarum
1025 2799 1165 2862 salutern

117 2901 138 2930 “
152 2922 187 2963 ac
202 2901 370 2964 coelestem
384 2902 519 2983 patriam
534 2902 742 2984 cogitantes.”
790 2901 896 2983 (Cone.
913 2902 999 2965 Trid.
1015 2922 1093 2965 sess.
1108 2903 1162 2978 25,

116 3002 155 3065 de
170 3003 309 3065 Reform.
322 3024 389 3086 csp.
406 3005 438 3082 i.)

160 3109 232 3171 139.
256 3108 423 3189 Episcopis
448 3107 481 3169 id
500 3107 659 3189 imprimis
681 3106 855 3169 curandum
877 3113 914 3169 ut
929 3106 990 3169 sibi
1015 3127 1053 3168 ex
1073 3126 1164 3187 prae·

115 3212 231 3293 scripto
249 3211 281 3272 S.
299 3211 390 3273 Pauli
399 3210 574 3274 attendant.
597 3211 717 3273 Verum
732 3211 765 3273 id
780 3232 844 3273 non
861 3211 986 3274 sufficit.
1010 3210 1166 3293 Episcopi

116 3315 201 3376 enim
217 3313 333 3377 debent
348 3314 445 3375 etiarn
460 3334 547 3375 orare
562 3334 618 3395 pro
633 3313 750 3395 populo
765 3313 845 3395 ipsis
861 3313 1042 3387 commisso,
1060 3317 1092 3374 et
1107 3332 1165 3393 pro

115 3437 152 3479 eo
169 3421 404 3479 sacrosanctum
419 3416 536 3477 missae
552 3416 742 3478 sacrificium
753 3405 934 3498 frequenter
950 3414 1071 3479 offerre.
1117 3415 1165 3477 Et

116 3539 188 3581 cum
206 3518 417 3600 speculatores
432 3516 546 3579 domus
562 3516 661 3579 Israel
677 3517 742 3579 sint
757 3517 935 3592 constituti,
952 3515 1164 3598 proeliorum

117 3619 218 3680 salute
241 3618 407 3701 invigilare
429 3617 559 3680 omnino
583 3623 742 3680 tenentur.
787 3619 872 3681 Ante
894 3619 1002 3680 omnia
1016 3637 1098 3700 opus
1114 3623 1165 3679 est

116 3726 153 3783 ut
169 3723 296 3784 assidue
311 3721 464 3796 laborent,
489 3741 529 3782 ne
553 3740 633 3802 quae
656 3721 815 3784 humanae
839 3721 951 3784 salutis
967 3727 1017 3784 est
1031 3721 1163 3784 initium

116 3829 149 3887 et
164 3823 419 3902 fundamentum,
436 3823 516 3886 fides
540 3824 724 3886 detrimenti
746 3825 867 3906 aliquid
889 3827 1038 3907 patiatur.
1084 3825 1162 3888 For·

438 3939 519 3989 lvide
529 3939 645 4002 Appeud.
656 3940 717 3988 XII.
729 3954 786 4002 pag.
798 3941 854 3989 273.
