2572 4410
615 357 680 422 118

158 535 233 599 286.
254 532 379 598 Nullibi
401 532 541 616 erigatur
555 551 675 596 novum
689 529 921 594 monastefium
934 530 1004 596 sine
1019 532 1177 615 congruis

113 637 303 714 redditibus,
320 637 376 720 qui
396 656 454 720 pro
472 655 590 719 magna
610 639 701 717 parte
727 654 767 698 ex
792 633 887 698 bonis
907 634 977 718 jam
1003 637 1175 720 acquisitis

114 740 279 825 provenire
294 737 424 803 debent.

158 843 233 910 237.
259 841 447 904 Ordinarius
464 860 588 923 semper
603 839 788 903 consulatur
803 837 842 902 de
856 839 980 903 ratione
996 839 1115 924 agendi
1137 841 1174 904 in

114 946 211 1012 rebus
226 944 380 1037 gravibus⁸
391 944 457 1008 sive
473 942 698 1026 spiritualibus
715 943 781 1006 sive
796 943 1039 1026 temporalibus.

158 1052 234 1114 238.
258 1049 308 1113 Ne
337 1048 519 1112 mendicent
548 1047 696 1111 dedomo
719 1046 760 1110 ad
774 1045 906 1110 domum
920 1048 1087 1125 moniales,
1106 1049 1175 1115 sive

116 1157 260 1237 spectent
274 1149 315 1214 ad
329 1150 560 1214 monasterium
575 1148 704 1232 aliquod
719 1148 875 1212 dioecesis
897 1149 932 1212 in
956 1171 1020 1234 qua
1043 1149 1078 1213 id
1102 1152 1172 1229 fiat,

114 1257 180 1322 sive
210 1275 250 1318 ex
274 1253 336 1316 alia
360 1252 497 1316 dioecesi
522 1251 572 1315 vel
599 1251 661 1314 alia
684 1250 814 1333 regione
840 1251 980 1329 veniant,
1004 1252 1070 1316 nisi
1094 1273 1172 1318 cum

113 1359 243 1423 licentia
270 1356 431 1420 Ordinarii
455 1355 517 1419 loci
542 1356 577 1418 in
604 1355 731 1438 seriptis
761 1354 926 1431 tradenda,
956 1361 989 1419 et
1013 1352 1175 1438 injunctis

115 1462 304 1529 necessariis
320 1460 572 1544 opportunisque
594 1457 798 1522 cautionibus
820 1459 861 1522 ad
876 1479 971 1523 omne
986 1459 1108 1533 abusus
1123 1461 1176 1526 vel

115 1565 257 1632 scandali
271 1564 452 1647 periculum
466 1560 692 1627 amovendum.

160 1669 235 1734 239.
259 1668 415 1731 Mulieres
431 1667 608 1730 saeculares
622 1687 688 1730 non
703 1666 933 1750 permittantur
942 1668 1174 1752 pernoctarein

116 1777 273 1837 conventu
289 1773 358 1835 sine
373 1771 502 1834 licentia
515 1771 678 1854 Episcopi.

160 1877 232 1940 240.
258 1876 374 1940 Sedulo
390 1881 501 1938 curent
517 1874 678 1939 Ordinarii
692 1879 730 1938 ut
745 1875 855 1957 regula
869 1875 909 1939 de
930 1877 1174 1943 visitationibus

115 1981 228 2044 otiosis
251 1987 455 2044 externorum
471 2000 528 2042 seu
544 1984 747 2042 externarum
774 1978 814 2042 ad
838 1981 1069 2044 monasterium
1084 2002 1174 2046 acoe-

116 2085 263 2150 dentium
279 2089 449 2160 statuatur,
467 2083 531 2146 nisi
541 2084 610 2166 jam
626 2083 753 2159 existat,
770 2087 802 2145 et
818 2083 926 2146 stricte
942 2083 1140 2149 observetur.

160 2189 236 2251 241.
260 2186 389 2250 Ρ331133
406 2185 559 2250 Ordinem
584 2206 642 2248 seu
658 2185 945 2267 Congregationem
967 2187 1174 2268 ingressurae

116 2290 234 2373 scripto
251 2309 285 2352 se
301 2287 443 2370 obligent
458 2287 497 2350 ad
512 2308 577 2350 non
594 2286 781 2368 exigendam
797 2288 976 2350 mercedem
1000 2309 1056 2352 seu
1083 2311 1172 2354 com·

115 2391 338 2474 pensationem
361 2410 473 2472 operae
497 2389 561 2452 sive
585 2388 707 2452 servitii
729 2409 797 2451 ase
813 2389 847 2451 in
863 2390 1057 2454 monasterio
1079 2413 1171 2474 prae·

116 2493 223 2556 standi
249 2498 390 2574 tempore
414 2512 476 2573 quo
491 2491 611 2553 fuerint
631 2491 844 2574 postulantes,
871 2497 908 2554 ut
929 2499 1092 2572 vocantur,
1118 2496 1171 2560 vel

114 2595 256 2658 novitiae
270 2593 321 2656 vel
336 2596 507 2676 professae.

158 2696 232 2759 242.
248 2694 405 2758 Μο313133
414 2695 571 2777 quaejam
583 2694 696 2757 docent
706 2695 741 2758 in
751 2694 870 2760 scholis
878 2697 928 2762 vel
937 2697 977 2760 ad
988 2698 1169 2764 docendum

114 2799 149 2862 in
165 2797 279 2860 iisdem
302 2795 514 2874 destinantur,
542 2797 710 2880 specialem
737 2796 862 2862 adhoc
888 2821 1007 2863 munus
1032 2801 1169 2865 institu-

114 2902 236 2966 tionem
251 2901 425 2984 accipiant:
443 2901 494 2963 331
505 2900 561 2976 131,
575 2905 686 2984 utpote
702 2903 835 2964 maximi
846 2904 1013 2982 momenti,
1037 2926 1167 2969 summa

114 3026 189 3069 cura
204 3004 368 3087 invigilare
384 3002 476 3066 debet
490 3003 559 3086 ipse
574 3004 761 3087 Episcopus.

113 3189 117 3197 Ι
158 3110 233 3173 243.
256 3109 415 3172 Μο313133
429 3107 544 3171 iisdem
559 3109 678 3191 regulis
693 3114 862 3173 teneantur
884 3111 1000 3192 quibus
1015 3118 1169 3179 tenentur

114 3205 301 3290 sacerdotes,
318 3213 399 3275 eirca
416 3212 498 3275 situs
523 3212 702 3275 scholarum
726 3215 932 3297 acquirendos
955 3222 988 3279 et
1014 3219 1168 3301 pecunias

113 3320 302 3384 obtinendas
332 3319 371 3381 ad
395 3318 578 3381 earumdem
601 3319 810 3382 erectionem:
834 3321 912 3384 item
935 3322 1016 3385 circa
1040 3322 1168 3389 scholas

113 3423 280 3498 normales,
297 3421 337 3484 ad
360 3441 439 3504 quas
465 3421 598 3482 minime
623 3420 754 3484 mittant
776 3422 899 3505 puellas
925 3424 1165 3492 instituendas:

113 3547 171 3589 nec
186 3526 276 3589 13113
291 3524 458 3587 institutas
474 3522 646 3586 adhibeant
656 3523 696 3586 ad
711 3523 888 3588 docendum
903 3527 937 3589 in
954 3528 1021 3591 suis
1036 3550 1166 3592 monas-

112 3630 222 3695 teriis:
246 3651 304 3693 nec
334 3627 491 3711 ejusmodi
521 3627 644 3711 puellas
674 3628 708 3690 in
737 3630 901 3711 proprium
931 3632 1075 3695 ordinem
1105 3655 1165 3698 seu

113 3732 391 3815 congregationem
407 3729 580 3793 admittant
595 3730 664 3793 sine
680 3751 828 3812 expressa
843 3731 971 3812 licentia
985 3735 1149 3817 Episcopi.

158 3836 232 3899 244.
258 3836 391 3917 Singula
413 3834 606 3896 monasteria
621 3833 759 3896 habeant
775 3834 1013 3900 Confessarium
1029 3839 1163 3902 Ordine·

112 3939 207 4017 rium,
225 3941 280 4024 qui
295 3939 508 4004 confessiones
531 3939 719 4002 monialium
742 3940 860 4020 audiat,
889 3948 922 4006 et
946 3942 1006 4007 hoc
1030 3965 1163 4009 munere
