2572 4410
638 334 661 402 8

116 508 321 598 Apostolicis,
357 528 394 574 ac
432 508 468 573 in
504 506 747 587 universalibus,
787 507 1096 595 provincialibusque
1139 517 1174 576 et

118 612 330 702 synodalibus
359 610 512 677 conciliis
541 611 647 689 editis,
678 610 878 696 generalibus
900 611 952 677 rel
980 612 1173 698 specialibus

113 712 408 792 constitutionibus,
437 720 471 779 et
499 712 763 793 ordinationibus,
793 714 969 800 mtensque
1005 718 1174 783 contrariis

114 819 366 907 quibuscunque.
400 816 560 882 Volumus
574 821 693 897 antem,
708 821 747 880 ut
759 818 976 902 praesentium
987 815 1173 884 Literarum

111 922 335 1006 transumptis,
353 940 410 986 seu
424 918 580 1004 exemplis
598 920 696 984 etiam
717 920 895 1005 impressis,
911 939 1009 983 manu
1023 913 1172 1006 ¹alicujus

113 1025 240 1092 Notarii
253 1022 374 1108 publici
389 1021 589 1108 subscriptis,
606 1029 638 1087 et
653 1021 760 1108 sigillo
774 1042 927 1106 personae
937 1019 1170 1089 Ecclesiastico

112 1129 147 1192 in
162 1127 317 1211 dignitate
342 1125 535 1190 constitutae
549 1125 695 1203 munitis,
711 1124 823 1189 eadem
835 1145 967 1210 prorsus
980 1123 1062 1191 fides
1079 1127 1171 1191 adhi-

112 1229 225 1294 beatur
240 1249 319 1313 quae
335 1227 538 1293 adhiberetur
552 1228 634 1313 ipsis
647 1226 879 1313 praesentibus,
903 1229 932 1295 si
953 1228 1057 1293 forent
1078 1229 1170 1294 exhi·

111 1331 208 1409 bitae,
224 1331 274 1397 rel
289 1337 446 1397 ostensae.

155 1435 277 1498 Datum
291 1432 411 1498 Romae
426 1433 511 1517 apud
526 1429 682 1497 Sanctum
695 1434 828 1498 Petrum
843 1431 904 1499 sub
926 1432 1044 1498 annulo
1058 1432 1169 1500 Pisca-

112 1538 192 1602 toris
214 1537 265 1602 die
279 1556 352 1601 xxx.
368 1537 449 1600 Maii
468 1553 686 1602 nnooonxxm.
707 1536 918 1602 Pontificatus
940 1535 1050 1602 Nostri
1071 1537 1171 1605 Anno

113 1640 422 1725 Vicesimoseptimo.

742 1825 781 1891 F.
805 1825 907 1891 Oeno.
930 1827 1125 1901 Asconrms.

155 2031 226 2079 aco.
237 2008 270 2076 >1⁴
282 2031 346 2079 src.

154 2331 281 2397 Dilecto
295 2332 380 2397 Filio
394 2332 513 2397 Nostro
528 2331 638 2397 Panno
655 2328 776 2396 S.R.E.
786 2328 974 2414 Presbytero
984 2329 1173 2395 Grannum
1201 2332 1205 2336 “

112 2435 247 2499 Ouxama
262 2441 455 2518 nuncupato,
472 2456 511 2498 ex
525 2435 737 2511 concessione,
754 2454 790 2497 ac
812 2433 1047 2516 dispensatione
1061 2432 1172 2517 Apos-

110 2538 207 2603 tolioa
220 2536 467 2621 Archiepiscopo
486 2535 678 2602 Dublinensi
692 2542 787 2620 atque
802 2535 976 2600 Hibsmiae
990 2536 1139 2600 Primati.
