2572 4410
653 304 694 368 69

148 494 328 570 successori,
355 513 391 556 ac
420 492 501 556 Jesu
527 490 648 555 Christi
676 488 813 564 Vicario,
843 507 949 552 veram
979 487 1191 554 obedientiam

146 597 282 678 spondeo
297 616 333 659 ac
350 596 437 678 juro.

183 700 317 764 Caetera
330 699 409 761 item
424 697 532 760 omnia
554 716 573 759 a
596 696 693 760 sacris
710 693 905 770 (lenonibus,
929 700 962 758 et
978 698 1192 761 oecumenicis

147 795 304 875 Consiliis,
320 799 361 864 ‘ac
390 801 557 883 praecipue
586 820 605 863 a
631 804 829 862 sacrosancta
853 797 1040 862 Tridentino
1063 799 1191 882 Synodo

146 901 264 981 tradita,
297 902 439 979 definita,
467 908 499 967 et
524 901 690 977 declarata,
716 901 935 965 indubitanter
956 902 1072 984 recipio
1095 909 1190 986 atque

145 1007 308 1084 profiteor;
332 1005 492 1087 simulque
507 1004 663 1067 contraria
673 1004 789 1081 omnia,
811 1009 906 1086 atque
927 1003 1074 1067 haereses
1097 1025 1190 1087 quas·

144 1123 274 1194 cumque
298 1108 336 1172 ab
361 1108 506 1172 Ecclesia
525 1108 702 1183 damnatas,
730 1113 762 1171 et
787 1109 929 1191 rejectas,
947 1113 979 1171 et
1005 1108 1189 1172 anathema·

139 1211 262 1290 tinctas,
280 1232 338 1295 ego
349 1211 466 1294 pariter
480 1211 608 1286 damno,
624 1210 743 1292 rejicio,
760 1215 793 1273 et
808 1209 1051 1274 anathematizo.
1095 1211 1190 1275 Hanc

127 1326 242 1381 veram
266 1315 463 1379 catholicam
496 1314 603 1389 fidam,
628 1318 718 1376 extra
747 1333 843 1395 quam
869 1333 962 1377 nemo
989 1313 1095 1377 salvus
1118 1334 1188 1378 esse

115 1426 252 1499 potest,
278 1441 373 1503 quam
395 1420 430 1482 in
451 1420 612 1502 praesenti
643 1424 756 1501 sponte
785 1419 946 1502 profiteor,
977 1424 1009 1483 et
1037 1419 1189 1484 veraciter

111 1520 239 1600 teneo,
257 1523 401 1586 eamdem
416 1523 573 1604 integram
585 1527 617 1585 et
631 1521 827 1599 inviolatam,
840 1522 994 1606 usquead
1009 1530 1187 1587 extremum

113 1628 216 1690 vitae
240 1627 389 1708 spiritum
411 1625 679 1699 constantissime,
695 1625 763 1688 Deo
785 1624 963 1708 adjuvante,
986 1628 1131 1707 retinere,
1156 1635 1188 1693 et

120 1729 299 1804 ‹confiteri3
323 1732 417 1811 atque
432 1749 450 1790 a
465 1727 547 1791 meis
570 1726 717 1804 subditis,
735 1748 791 1791 seu
813 1727 879 1791 illis
899 1749 1035 1812 quorum
1050 1745 1125 1794 cura
1147 1731 1188 1795 ad

131 1857 187 1900 me
201 1837 237 1898 in
251 1856 384 1898 munere
405 1855 476 1898 mec
501 1834 664 1917 spectabit,
686 1834 799 1908 teneri,
823 1830 938 1911 doceri,
961 1841 993 1898 et
1014 1836 1187 1918 praedicari

136 1937 348 2022 quantumin
377 1957 429 2000 me
458 1937 530 2012 erit,
558 1940 753 2012 curaturum,
777 1956 835 2018 ego
857 1935 953 2013 idem,
969 1936 1012 2000 N.
1036 1937 1187 2019 spondeo,

137 2059 230 2105 voveo
246 2060 281 2102 ac
294 2040 380 2121 juro.
434 2039 487 2102 Sic
502 2058 554 2101 me
575 2038 664 2101 Deus
686 2036 814 2120 adjuvet
836 2043 868 2101 et
889 2037 966 2101 haec
993 2045 1102 2102 sancta
1124 2039 1186 2103 Dei

137 2143 323 2227 Evangelia.

383 2860 427 2905 DE
449 2861 542 2905 FIDEI
564 2860 734 2905 PERIOULIS
756 2859 939 2907 uvlsnmns.

176 2979 228 3046 17.
254 2979 336 3042 Cum
367 2980 463 3043 fidem
486 2981 633 3049 omnibus
660 2980 819 3044 thesauris
844 2981 1001 3064 rebusque
1029 2979 1181 3044 humanis

130 3079 225 3163 longe
240 3080 494 3144 antehabendam
517 3103 587 3145 esse
608 3087 726 3164 pateat,
742 3082 834 3146 facile
849 3089 898 3146 est
913 3083 1098 3146 concludere
1112 3103 1182 3144 eam

131 3186 219 3247 omni
234 3185 357 3248 cautela
373 3191 405 3248 et
420 3186 587 3267 vigilantia
602 3206 672 3249 esse
688 3187 886 3262 servandam,
903 3191 935 3249 et
950 3185 1097 3251 evitanda
1111 3205 1183 3247 esse

131 3286 270 3368 pericula
292 3287 408 3369 quibus
432 3292 618 3370 exponatur.
671 3286 809 3363 Scilicet,
833 3287 1020 3351 thesaurum
1042 3287 1076 3349 in
1098 3287 1182 3350 vasis

129 3387 282 3451 fictilibus
305 3393 482 3471 portamus,
499 3394 531 3452 et
546 3389 706 3452 vaferrimi
720 3388 830 3453 hostes
841 3389 966 3472 generis
975 3388 1109 3451 humani
1121 3407 1181 3451 nos

127 3493 258 3575 perdere
267 3493 604 3576 quaerentesinsidias
614 3492 706 3555 nobis
717 3499 836 3556 struere
846 3492 1179 3575 nunquamdesinunt.

129 3593 294 3660 Oumvero
304 3602 417 3659 notum
430 3597 473 3659 sit
483 3597 624 3679 perditos
639 3597 793 3680 quosdam
807 3596 954 3660 homines
969 3602 1001 3659 et
1016 3595 1180 3659 Ecclesiae

129 3699 311 3763 Catholicae
333 3700 568 3763 infensissimos
582 3700 692 3763 hostes
715 3700 749 3763 in
772 3699 962 3782 quibusdam
973 3698 1072 3782 hujus
1087 3700 1180 3780 regni

128 3801 312 3884 regionibus
327 3802 471 3884 pecunia,
498 3801 748 3884 elargitionibus,
773 3807 806 3863 et
823 3800 911 3863 omni
927 3800 1176 3883 corruptelarum

128 3924 244 3987 genere
256 3906 373 3982 conari,
390 3910 427 3968 ut
437 3905 650 3988 pauperiores,
667 3910 699 3968 et
715 3906 797 3968 fame
812 3909 844 3967 et
858 3903 929 3968 aliis
944 3904 1178 3968 calamitatibus
