2572 4410
612 308 676 373 120

113 488 217 569 legem
242 484 282 548 ed
304 483 525 548 executionem
548 481 737 556 deducendi,
768 499 871 564 neque
901 501 973 544 eam
994 489 1169 566 acceptare,

114 591 179 654 nisi
201 594 294 652 antea
317 587 372 651 alii
393 585 549 670 Episcopi
574 586 678 668 legem
703 584 744 648 ad
766 604 900 648 examen
922 587 1113 664 vocaverint,
1137 595 1170 652 et

115 692 339 776 acceptandam
355 712 426 755 6666
441 689 680 753 declaraverint.

158 797 233 859 248.
258 795 348 871 Quod
371 795 399 857 si
415 793 646 857 sententiarum
669 791 837 855 diversitas
853 791 897 855 sit
911 789 971 855 hac
985 791 1020 856 in
1035 813 1069 856 re
1084 791 1171 859 inter

113 900 291 983 Episcopos
314 902 369 960 aut
400 897 428 960 61
462 902 575 979 agatur
597 895 635 958 (16
665 895 771 958 causis
802 892 987 975 majoribus,
1019 917 1100 979 quae
1130 897 1171 962 ab

113 1002 283 1086 Episcopis
298 1001 407 1064 dirimi
432 1020 497 1063 non
513 1003 660 1083 pessunt,
677 1003 745 1062 1616
769 999 982 1062 controversia
1002 998 1043 1063 ad
1053 999 1172 1064 Sedem

114 1105 330 1189 Apostolicam
356 1103 524 1179 deseratur,
548 1103 642 1185 juxta
656 1104 794 1164 veterem
820 1121 975 1165 canonem
1003 1102 1172 1168 Ecclesiae

114 1207 289 1271 Hiberniae
318 1229 336 1269 a
363 1206 396 1268 S.
425 1206 560 1269 Patritio
587 1205 700 1282 letum,
728 1207 749 1237 “
764 1205 799 1267 Si
813 1224 894 1288 quae
909 1206 1114 1288 quaestiones
1134 1207 1171 1271 in

116 1316 137 1344 ‘⁴
150 1312 208 1374 hac
223 1310 335 1372 Insula
358 1310 509 1385 oriantur,
527 1309 567 1372 ad
588 1309 703 1372 Sedem
718 1309 934 1392 Apostolicam
954 1309 1171 1388 referantur,'’

56 1429 60 1437 '
116 1415 210 1492 (Can.
228 1413 261 1476 S.
278 1414 364 1475 Patr.
378 1413 463 1496 epud
474 1413 616 1476 Wilkins
632 1412 727 1476 Ceno.
736 1412 784 1475 M.
801 1413 884 1475 Brit.
896 1414 988 1476 Tem.
1002 1414 1033 1489 1,
1048 1433 1123 1497 pag.
1135 1413 1171 1494 6)

115 1524 147 1581 61
158 1514 254 1599 juxta
268 1516 531 1579 consuetudinem
546 1515 708 1579 Ecclesiae
724 1516 933 1579 Universclis.

158 1621 231 1684 249.
253 1619 410 1682 Presterea
434 1618 584 1682 omnibus
606 1619 704 1702 hujus
725 1619 865 1701 regionis
889 1619 1108 1685 sacerdotibus
1134 1623 1171 1685 in

113 1722 302 1787 memoriam
329 1743 512 1786 revocamus
543 1722 771 1802 obligationem
801 1743 863 1804 qua
887 1723 1040 1804 mysteria
1062 1724 1171 1802 Fidei,

115 1829 328 1901 Sacramenta,
339 1826 401 1888 Dei
415 1833 581 1908 praecepta
592 1831 624 1889 61
638 1826 701 1888 6116
716 1825 757 1890 ad
771 1826 973 1909 Religionem
989 1830 1172 1909 spectantia

113 1931 200 1994 fideli
214 1929 332 2013 popule
348 1929 461 1993 diebus
473 1929 595 1992 festivis
611 1951 769 2012 exponere
784 1935 947 1993 tenentur.
995 1931 1078 1994 Cum
1095 1954 1171 1998 vero

112 2034 291 2119 periculum
308 2034 351 2098 sit
370 2054 411 2096 ne
426 2032 503 2096 haec
520 2033 725 2116 negligantur
741 2034 768 2097 si
785 2033 823 2096 de
839 2033 954 2097 alienis
969 2040 1002 2097 61
1024 2036 1170 2116 profanis

114 2139 253 2223 negotiis
274 2139 308 2201 in
331 2137 484 2200 Ecclesiis
504 2143 626 2219 agatur,
645 2137 787 2200 districte
806 2137 1013 2220 prohibemus
1028 2159 1070 2202 ne
1087 2139 1172 2204 inter

115 2244 287 2305 missarum
303 2241 469 2316 solemnia,
486 2239 571 2323 quod
585 2240 679 2323 plane
690 2240 842 2303 indecens
857 2247 953 2316 66661,
970 2248 1026 2305 aut
1037 2245 1170 2308 omnino

116 2347 150 2408 in
176 2345 321 2407 Ecclesia
345 2343 384 2406 ds
411 2343 505 2406 rebus
532 2365 618 2407 mere
644 2342 871 2419 saecularibus,
898 2350 935 2407 ut
961 2344 1000 2407 dc
1029 2347 1172 2428 politicis

117 2448 325 2530 electionibus
349 2451 405 2509 aut
426 2447 497 2509 aliis
524 2448 681 2531 ejusmodi
705 2447 800 2510 rebus
824 2453 947 2529 agatur,
972 2469 1052 2531 quae
1080 2451 1172 2514 facile

118 2551 250 2614 dissidia
272 2552 356 2613 inter
381 2555 542 2632 pastorem
558 2556 589 2612 61
609 2551 762 2633 populum
784 2572 967 2632 promovere
983 2552 1120 2630 valeant,
1139 2562 1172 2618 et

116 2674 267 2736 magnam
290 2653 469 2716 animorum
496 2655 743 2717 commotionem
770 2655 927 2718 excitare:
952 2676 1033 2738 quae
1059 2664 1170 2722 tamen

117 2759 163 2821 116
192 2756 427 2839 interpretanda
456 2777 520 2819 non
545 2762 632 2833 sunt,
664 2758 755 2840 quasi
788 2757 828 2820 de
857 2757 1082 2840 largitionibus
1105 2783 1171 2825 nen

117 2860 317 2944 recipiendis,
335 2859 373 2922 (16
398 2861 537 2943 perjurio
557 2861 715 2936 evitando,
734 2860 773 2923 de
793 2860 922 2944 juribus
948 2862 1122 2943 Ecclesiae,
1141 2873 1173 2930 61

118 2963 322 3029 decharitete
338 2969 459 3027 etcum
479 2985 554 3048 erga
576 2985 744 3048 pauperes,
762 2964 980 3028 sacerdotibus
1004 2988 1069 3031 non
1086 2976 1173 3034 esset

120 3067 291 3154 egendum.

163 3175 236 3238 250.
259 3173 350 3249 Quod
379 3173 408 3236 61
430 3173 502 3256 quis
525 3173 671 3237 sacerdes
687 3174 859 3239 saecularis
882 3180 938 3238 aut
953 3175 1109 3257 regularis
1133 3178 1173 3243 de

119 3275 305 3361 hujusmodi
316 3275 422 3363 ¹rebus
437 3281 520 3359 egat,
538 3282 593 3339 aut
609 3282 714 3360 spreto
731 3277 851 3359 Synodi
874 3279 1060 3343 Thurlesice
1082 3302 1173 3364 prae·

119 3387 220 3464 cepte,
232 3380 421 3442 nominatim
431 3379 465 3441 in
477 3379 616 3462 aliquem
628 3380 661 3442 in
674 3381 828 3444 Ecclesiis
840 3382 1016 3458 invehatur,
1026 3384 1055 3446 is
1070 3406 1174 3468 poene

122 3483 351 3568 suspensionis,
369 3487 426 3545 eut
441 3481 502 3545 alio
517 3503 573 3565 pro
589 3483 718 3547 arbitrio
735 3484 896 3547 Ordinorii
910 3485 1074 3568 plectatur.

165 3587 239 3650 251.
263 3585 439 3649 Hortamur
454 3605 526 3648 vere
541 3592 578 3649 ut
591 3586 665 3650 lites
686 3593 718 3650 et
733 3589 841 3671 jurgia
860 3589 945 3651 inter
965 3610 999 3652 se
1020 3590 1058 3653 de
1078 3593 1175 3657 rebus

122 3689 259 3774 politicis
281 3689 315 3753 in
337 3688 546 3752 conventibus
568 3689 715 3772 publicis,
732 3698 764 3754 61
786 3692 891 3774 magis
906 3692 1009 3756 adhue
1032 3694 1066 3756 in
1088 3696 1175 3760 foliis

122 3814 179 3858 seu
211 3791 465 3877 ephemeridibus
495 3792 642 3877 publicis,
673 3813 739 3857 nen
768 3795 879 3858 ineant
915 3797 1106 3875 sacerdotes,
1133 3821 1175 3863 nc

122 3895 261 3981 ‹lignites
277 3894 480 3961 sacerdotalis
501 3895 623 3981 aliquid
639 3895 823 3962 detrimenti
849 3899 1018 3984 capiatne
1034 3900 1174 3968 charitas
