2572 4410
633 346 673 410 61

472 711 516 757 DE
538 711 617 756 nlnn
641 710 830 758 cinnomus.

158 833 190 895 1.
207 830 347 895 “Nullae
360 836 437 894 sunt
449 831 585 912 majores
597 830 756 905 divitiae,’'
766 831 873 913 inquit
885 829 1178 915 sapienterAugus·

124 938 222 1012 tinus,
249 935 365 999 “nulli
384 934 538 1009 thesauri,
562 933 644 997 nulli
668 933 816 1010 honores,
839 934 927 998 nulla
946 934 1059 998 mundi
1082 934 1180 1017 hujus

127 1044 261 1125 “major
285 1038 475 1113 substantia,
492 1059 588 1120 quam
603 1042 652 1100 est
672 1037 769 1101 Fides
785 1038 958 1115 Catholicae,
976 1059 1057 1122 quae
1071 1059 1180 1121 pecca·

129 1139 248 1202 “tores
285 1138 433 1203 homines
471 1141 760 1204 salvat-infirmos
801 1141 1180 1211 cruat—catechumenos

125 1241 454 1324 “baptizat-fideles
479 1244 881 1327 justificat—poenitentes
908 1247 1180 1329 reparat—justos
1222 1313 1224 1318 .

124 1346 144 1374 “
157 1350 546 1428 augmentat-martyres
584 1347 895 1428 coronat-virgines
933 1352 966 1410 et
979 1406 982 1410 ,
996 1346 1109 1411 viduas
1148 1352 1181 1408 et

123 1450 312 1533 “conjuges
348 1457 436 1514 cesto
473 1451 594 1534 pudore
633 1449 973 1514 conservat-clericos
1009 1448 1179 1513 ordinat—

121 1551 337 1614 “sacerdotes
366 1558 539 1629 consecrat,
570 1553 678 1635 regnis
708 1553 899 1617 coelestibus
933 1558 1109 1639 praeparat,
1144 1554 1179 1616 in

120 1657 142 1684 “
154 1660 288 1718 aeterna
301 1656 496 1720 haereditate
512 1678 585 1720 cum
601 1656 724 1740 angelis
748 1659 867 1721 sanetis
889 1657 1182 1723 communicat.”—

118 1763 142 1791 “
157 1757 282 1842 (Serm.
300 1763 318 1823 1
335 1760 374 1823 de
389 1760 493 1825 Verbo
515 1761 602 1838 Dei.)
649 1761 736 1838 Quae
759 1761 889 1843 quidem
910 1762 1004 1826 verbe
1025 1766 1179 1843 tanquam

115 1863 153 1926 in
169 1863 360 1946 compendio
376 1885 413 1927 ea
435 1864 543 1927 omnia
565 1864 739 1947 exprimere
753 1865 911 1942 videntur,
928 1866 1057 1949 quaein
1075 1862 1179 1926 Sacris

114 1968 258 2030 Litteris
273 1967 312 2030 de
326 1966 389 2030 fide
411 1968 593 2043 traduntur,
611 1974 644 2030 et
665 1967 840 2032 clarissime
862 1969 1037 2035 ostendunt
1060 1979 1180 2055 quanto

115 2072 155 2134 in
170 2070 278 2154 pretio
292 2071 452 2153 praeclara
468 2071 523 2134 illa
544 2071 646 2134 virtus
662 2071 706 2134 sit
720 2070 878 2134 habenda.

164 2177 199 2239 2.
223 2175 336 2259 Itaque
358 2177 603 2240 constitutiones
626 2183 753 2240 nostrae
768 2178 900 2240 initium
924 2186 1094 2244 sumente
1117 2181 1181 2245 lide

116 2284 257 2362 oportet,
274 2280 343 2342 sine
366 2300 429 2362 qua
458 2278 656 2362 impossibile
671 2285 720 2342 est
739 2279 861 2360 placere
883 2280 962 2357 Deo,
980 2291 1010 2343 et
1023 2283 1091 2345 aine
1114 2304 1178 2364 quo

117 2379 208 2444 nihil
222 2390 376 2457 ecoctam,
392 2380 476 2443 nihil
490 2390 620 2457 eostam,
634 2380 717 2443 nihil
731 2380 939 2459 vivom—(S.
955 2382 1022 2447 Leo
1036 2383 1135 2447 Serm.
1146 2386 1178 2462 4,

119 2487 156 2548 in
171 2484 247 2547 Nat.
263 2481 421 2564 Domini.)
465 2484 559 2546 Licet
573 2483 659 2546 enim
675 2483 709 2545 in
721 2483 859 2547 Domino
874 2485 1002 2567 gloriari
1017 2489 1179 2568 possimus

119 2587 285 2670 regionem
300 2585 383 2648 hanc
392 2591 546 2660 nostram,
557 2583 836 2663 divinobeneficio,
847 2607 1011 2669 nunquam
1021 2588 1179 2652 foedatam

120 2692 253 2754 inventa
277 2710 358 2752 nova
374 2689 480 2772 aliqua
494 2687 620 2750 haeresi
641 2687 752 2765 fnisse,
769 2693 888 2764 tamen,
906 2689 941 2751 in
956 2691 1088 2753 retenti
1110 2712 1179 2755 mo-

122 2794 227 2857 menti
242 2792 372 2875 rigilare
387 2813 446 2855 nos
462 2796 595 2874 oportet,
612 2796 645 2853 et
660 2790 849 2853 contendere
864 2797 902 2854 ut
917 2791 1097 2874 depositum
1113 2797 1180 2856 tam

122 2899 302 2981 pretiosum
316 2896 405 2959 omni
420 2916 494 2958 cura
510 2900 542 2957 et
557 2914 653 2977 quam
668 2894 904 2956 accuratissime
919 2894 1126 2958 custodiatur.

167 3002 198 3063 3.
222 2998 387 3081 Imprimis
399 2997 499 3080 igitur
510 3017 583 3058 cnm
595 2995 736 3058 Concilio
746 2992 912 3058 Vaticano1
924 2995 1060 3058 dicimus
1071 2992 1178 3069 fidem,

124 3109 270 3188 quaeest
290 3103 451 3176 humanae
473 3100 587 3164 salutis
608 3099 749 3175 initium,
771 3098 1016 3162 fundamentum
1038 3104 1071 3162 et
1092 3095 1181 3159 radix

123 3207 230 3271 omnis
256 3204 508 3289 justificationis,
532 3203 683 3266 virtutem
713 3222 784 3265 esse
814 3199 1181 3284 supernaturalemque

123 3309 185 3373 Dei
200 3308 362 3391 aspirante
377 3312 409 3370 et
425 3305 594 3388 adjuvante
617 3304 728 3386 gratia,
745 3303 784 3367 ab
806 3323 843 3366 eo
864 3303 999 3366 revelata
1013 3322 1086 3364 vera
1109 3321 1179 3363 esse

121 3413 293 3488 credimus,
309 3416 438 3494 propter
454 3409 674 3472 auctoritatem
685 3406 788 3490 ipsius
802 3406 864 3469 Dei
873 3405 1044 3470 revelantis
1053 3404 1108 3487 qui
1119 3424 1177 3466 nec

122 3521 190 3584 falli
204 3540 263 3583 nec
279 3518 387 3581 fallere
402 3517 519 3600 potest.
1166 3524 1168 3528 “

163 3624 198 3688 4.
221 3622 321 3686 Porro
336 3620 398 3682 fide
409 3619 526 3682 Divina
542 3622 574 3679 et
586 3613 749 3679 Catholica
763 3634 800 3677 ea
815 3612 923 3679 omnia
932 3608 1086 3675 credenda
1102 3615 1179 3672 sunt

121 3751 203 3813 quae
216 3730 253 3791 in
268 3727 372 3792 Verbo
394 3726 457 3789 Dei
480 3724 603 3807 Scripto
625 3722 676 3785 vel
699 3721 829 3786 Tradite
851 3721 1066 3795 continentur,
1084 3724 1117 3781 et
1139 3718 1179 3781 ab

121 3831 268 3896 Ecclesia
299 3829 365 3894 sive
389 3827 524 3892 solemni
543 3824 663 3909 judicio
684 3823 750 3886 sive
772 3822 931 3886 ordinario
953 3827 986 3886 et
1008 3819 1181 3884 universali

538 3963 546 3994 ¹
566 3962 632 4013 Sess.
644 3959 692 4021 iii,
701 3975 757 4024 cap.
768 3962 792 4011 3.
