2572 4410
620 361 686 427 261

120 555 229 602 cessae
239 536 370 614 fuerint,
384 555 422 599 ea
432 534 553 612 omnia,
567 553 683 619 easque
695 555 808 600 omnes
817 533 935 602 Nostra
944 535 1004 602 hac
1017 539 1184 608 Constitu·

118 640 208 704 tione
222 639 400 729 revocatas,
414 656 615 722 suppressas,
633 643 666 700 et
680 636 817 702 abolitas
833 660 904 703 esse
916 642 1076 721 volumus,
1088 652 1185 728 prout

117 761 234 825 reapse
256 760 451 817 revocamus,
488 740 734 824 supprimimus,
767 746 800 804 et
837 741 1010 821 abolemus,
1049 747 1183 812 minime

116 845 353 930 refragantibus
385 850 441 908 aut
468 843 671 908 obstantibus
708 844 889 928 privilegiis
926 846 1182 933 quibuscunque,

116 945 218 1010 etiam
241 943 434 1028 specialibus
449 941 699 1027 comprehensis,
716 944 766 1006 vel
781 965 857 1021 non,
875 945 912 1008 in
933 968 1061 1030 corpore
1083 950 1180 1032 juris,

116 1055 178 1114 aut
199 1048 397 1133 Apostolicis
413 1046 721 1124 Constitutionibus,
746 1053 779 1111 et
801 1049 913 1132 quavis
939 1052 1182 1117 confirmatione

116 1152 312 1237 Apostolica,
328 1152 378 1216 vel
402 1150 647 1215 immemorabili
662 1152 761 1215 etiam
788 1154 1033 1233 consuetudine,
1046 1164 1103 1220 aut
1119 1157 1183 1221 alia

116 1276 306 1339 quacunque
321 1255 473 1318 firmitate
499 1253 665 1332 roboratis,
683 1254 880 1339 quibuslibet
904 1259 1005 1322 etiam
1020 1260 1131 1324 formis
1146 1282 1182 1325 ac

116 1356 296 1433 tenoribus,
313 1362 346 1420 et
365 1376 439 1418 cum
455 1353 623 1439 quibusvis
639 1355 858 1438 derogatoriis,
878 1359 1013 1444 aliisque
1028 1360 1181 1428 efficacio-

116 1459 209 1525 ribus
223 1462 256 1525 et
271 1459 414 1524 insolitis
429 1460 595 1536 clausulis,
613 1459 731 1542 quibus
747 1459 910 1536 omnibus,
928 1466 1086 1543 quatenus
1101 1484 1182 1547 opus

118 1563 173 1641 sit,
191 1563 341 1645 derogare
356 1561 569 1639 intendimus,
586 1563 619 1626 et
635 1561 836 1645 derogamus.

161 1667 307 1730 Firmam
333 1672 445 1730 tamen
471 1687 541 1729 esse
565 1665 714 1729 volumus
734 1665 918 1730 absolvendi
944 1668 1133 1755 facultatem
1159 1689 1181 1734 a

120 1769 311 1834 Tridentino
328 1769 454 1852 Synodo
469 1769 641 1853 Episcopis
657 1790 839 1833 concessam
864 1771 950 1834 Susa.
966 1772 1093 1836 XXIV.
1110 1794 1181 1855 cop.
1249 1759 1250 1762 ¹

119 1873 180 1937 VI.
198 1872 234 1936 de
250 1872 380 1954 reform.
397 1873 432 1935 in
449 1871 695 1955 quibuscunque
719 1873 863 1935 censuris
879 1871 1081 1955 Apostolioae
1107 1875 1182 1938 Sodi

116 1971 179 2036 hac
200 1973 320 2037 Nostra
350 1972 591 2036 Constitutione
613 1973 794 2048 reservatis,
812 1973 854 2037 iis
875 1977 1004 2036 tantum
1026 1976 1180 2059 exceptis,

118 2091 199 2154 quas
236 2071 342 2134 eidem
365 2071 569 2155 Apostolioae
608 2071 683 2134 Sedi
722 2072 853 2155 speciali
882 2072 976 2136 modo
1006 2077 1182 2140 reservatas

116 2171 358 2237 declaravimus.

162 2274 385 2341 Decernentes
397 2273 459 2340 has
474 2275 633 2351 Litteras,
650 2279 747 2358 atque
759 2276 870 2339 omnia
886 2278 920 2341 et
936 2276 1079 2359 singula,
1097 2298 1181 2361 quae
1229 2268 1230 2273 ἵ

117 2376 217 2443 ineis
233 2381 413 2444 constituta
438 2399 473 2441 11
501 2378 631 2441 decreta
653 2378 742 2454 sunt,
760 2397 938 2462 omnesque
963 2381 996 2444 11
1021 2380 1179 2462 singulas,

116 2501 200 2565 quae
210 2469 246 2545 in
255 2483 378 2547 eisdem
390 2483 498 2546 factae
509 2481 586 2544 sunt
596 2500 636 2543 ex
646 2480 866 2546 anterioribus
882 2464 1180 2547 Constitutionibus

85 2609 87 2612 ’
116 2575 406 2649 Praedecessorum
426 2584 632 2661 Nostrorum,
655 2584 750 2667 atque
774 2585 874 2647 etiam
889 2585 1030 2661 Nostris,
1055 2592 1114 2649 aut
1141 2606 1179 2650 ex

116 2686 191 2750 aliis
216 2689 318 2752 sacris
335 2686 523 2751 Canonibus
541 2684 802 2770 quibuscunque,
830 2683 929 2751 etiam
956 2687 1178 2751 Conciliorum

116 2787 338 2868 Generalium,
349 2792 381 2855 et
397 2791 501 2873 ipsius
516 2786 702 2853 Tridentini
714 2790 928 2866 mutationes,
940 2788 1177 2874 derogationes,

116 2895 364 2977 suppressiones
375 2899 471 2976 atque
484 2890 713 2975 abrogationes
722 2893 813 2955 ratas
824 2897 856 2955 et
866 2890 986 2968 firmas,
1001 2913 1039 2957 ac
1049 2912 1177 2975 respec-

114 2992 265 3060 tiverata
276 2996 373 3080 atque
385 2994 479 3058 firma
494 3015 565 3058 1111
581 3001 614 3058 11
628 2995 706 3070 fore,
725 3013 866 3077 suosque
876 2995 1041 3078 plenarios
1051 2995 1176 3080 etinte-

115 3117 190 3180 gros
206 3098 340 3163 effectus
367 3095 512 3162 obtinere
529 3095 654 3173 debere,
681 3118 717 3159 ac
742 3115 859 3180 reapse
875 3093 1040 3174 obtinere;
1066 3097 1175 3180 sicque

115 3201 148 3264 et
172 3221 240 3264 non
261 3201 359 3266 aliter
373 3202 410 3263 in
424 3201 614 3283 praemissis
628 3219 686 3283 per
702 3218 909 3283 quoscunque
930 3196 1062 3262 Judioes
1083 3195 1177 3262 Ordi-

114 3306 237 3381 narios,
254 3305 287 3368 et
307 3302 491 3386 Delegatos,
514 3304 615 3366 etiam
646 3301 825 3365 Causarum
858 3299 976 3363 Palatii
998 3297 1176 3382 Apostolici

114 3405 297 3483 Auditores,
315 3403 716 3480 11111111111111,
733 3404 831 3467 etiam
843 3400 882 3465 de
893 3400 1009 3465 Latere
1024 3401 1174 3486 Legatos,

115 3531 150 3574 ac
164 3509 369 3592 Apostolioae
387 3505 483 3575 Sedis
509 3504 662 3584 Nuntios,
680 3527 715 3569 ac
731 3505 861 3589 quosvis
877 3503 957 3568 alios
983 3522 1175 3588 quacunque

113 3612 378 3697 praeeminentia,
396 3632 431 3674 11
453 3610 618 3694 potestate
643 3607 826 3691 fungentes,
844 3612 877 3670 et
892 3606 1070 3683 iuncturos,
1100 3605 1175 3671 sub·

113 3715 179 3778 lata
194 3715 253 3790 eis,
271 3721 430 3778 eteorum
445 3713 578 3777 cuilibet
602 3712 715 3795 quavis
731 3709 825 3773 aliter
843 3705 1012 3792 judicandi
1027 3715 1059 3773 et
1074 3710 1173 3773 inter·

113 3816 263 3902 pretandi
300 3815 467 3893 facultate,
507 3816 541 3879 11
573 3814 772 3891 auctoritate,
794 3809 936 3894 judicari
974 3833 1009 3875 ac
1047 3809 1174 3875 definiri

114 3919 252 4000 debere3
269 3919 301 3984 et
317 3919 450 3983 irritum
466 3920 564 4002 atque
585 3919 683 3981 inane
696 3933 768 3981 esse
784 3935 819 3978 ac
828 3913 896 3978 fore
905 3910 1062 3998 quidquid
1078 3932 1175 3998 super
