2572 4410
681 377 747 441 204

185 551 317 635 plenum
328 551 502 634 primatum
519 555 552 613 et
566 548 783 633 principatum
800 566 896 633 super
918 552 1103 617 universam
1125 550 1242 618 Eccle-

187 655 268 718 siam
283 652 475 719 catholicam
489 651 644 728 obtinere,
656 673 751 736 quem
768 672 803 717 se
814 652 853 716 ab
865 655 936 737 ipso
947 653 1089 721 Domino
1098 659 1134 721 in
1146 656 1243 723 beato

186 756 282 823 Petro
304 756 536 842 Apostolorum
559 757 705 839 principe
729 757 796 821 sive
818 759 947 835 vertice,
963 761 1056 844 cujus
1071 759 1244 827 Romanus

186 858 337 925 Pontifex
352 866 401 924 est
417 878 591 935 successor,
602 880 676 922 cum
686 860 858 942 potestatis
866 861 1069 944 plenitudine
1078 865 1244 949 recepisse

185 964 337 1029 veraciter
359 969 392 1026 et
413 960 581 1026 humiliter
602 963 822 1044 recognoscit3
846 969 879 1026 et
896 965 980 1028 sicut
1002 985 1079 1049 prae
1101 969 1243 1032 caeteris

185 1067 316 1130 tenetur
342 1063 418 1128 fidei
437 1066 605 1128 veritatem
626 1064 804 1140 defendere,
822 1066 868 1128 sic
895 1073 938 1142 et,
957 1068 985 1131 si
1006 1090 1086 1151 quae
1112 1069 1154 1132 de
1176 1069 1245 1135 fide

187 1169 335 1232 subortae
350 1169 470 1231 fuerint
484 1168 699 1251 quaestiones,
720 1189 778 1232 suo
794 1166 914 1232 debent
924 1170 1046 1253 judicio
1061 1169 1204 1235 definiri.

229 1271 455 1336 Florentinum
481 1270 617 1355 denique
644 1271 826 1335 Concilium
856 1271 1022 1338 definivit:
1046 1260 1243 1339 Pontificem

185 1375 379 1448 Romanum,
402 1395 511 1437 verum
537 1374 659 1437 Christi
687 1372 860 1450 Vicarium,
887 1376 1051 1459 totiusque
1072 1374 1244 1444 Ecclesiae

186 1484 333 1562 caputet
352 1477 497 1540 omnium
513 1474 770 1542 Christianorum
791 1484 916 1561 patrem
939 1500 975 1541 ac
998 1480 1163 1544 doctorem
1186 1504 1243 1546 ex-

187 1584 303 1654 istere;
327 1590 360 1647 et
374 1581 438 1664 ipsi
452 1581 488 1642 in
502 1580 597 1644 beato
613 1579 709 1645 Petro
731 1582 894 1665 pascendi,
911 1582 1043 1664 regendi
1064 1604 1100 1646 ac
1124 1584 1243 1666 guber·

186 1685 285 1748 nandi
321 1683 534 1749 universalem
571 1681 752 1747 Ecclesiam
786 1705 804 1746 a
833 1684 973 1749 Domino
1009 1691 1120 1750 nostro
1158 1686 1243 1759 Jesu

187 1787 318 1852 Christo
332 1787 461 1872 plenam
476 1791 667 1869 potestatem
683 1786 834 1850 liuditum
849 1807 931 1851 esse.

230 1890 318 1955 Huic
341 1889 496 1974 pastorali
520 1890 699 1953 manarint
715 1890 948 1966 satisfacerent,
972 1889 1242 1958 Praedeccssores

187 1996 290 2059 nostri
311 1994 505 2058 indefessam
532 2012 658 2075 semper
683 2012 812 2077 operam
837 1992 1006 2071 dederunt,
1022 2002 1060 2059 ut
1086 1995 1242 2063 salutaris

188 2097 312 2163 Christi
327 2098 471 2162 doctrina
486 2095 571 2180 apud
586 2115 700 2158 omnes
714 2103 816 2160 terrae
838 2097 974 2181 populos
995 2113 1240 2182 propagaretur,

186 2205 318 2286 parique
333 2223 408 2264 cura
428 2199 612 2282 vigilarunt,
630 2199 677 2274 ut,
702 2199 759 2262 ubi
780 2202 909 2283 recepta
931 2207 1030 2276 esset,
1056 2202 1185 2267 sincera
1208 2213 1242 2269 et

187 2326 268 2389 pura
282 2309 535 2368 conservaretur.
581 2302 731 2382 Quocirca
747 2304 850 2366 totius
862 2304 949 2369 orbis
963 2305 1139 2373 Antistites
1151 2330 1240 2372 nunc

188 2409 319 2490 singuli,
335 2427 422 2471 nunc
448 2408 482 2470 iu
508 2406 645 2489 Synodis
671 2408 864 2489 congregati,
880 2407 1009 2492 longam
1033 2411 1240 2476 ecclesiarum

187 2510 454 2576 consuetudinem
470 2515 503 2572 et
518 2510 667 2592 antiquae
681 2509 811 2592 regulae
834 2511 969 2573 formam
992 2516 1179 2596 sequentes,
1203 2537 1241 2580 ea

188 2614 380 2697 praesertim
394 2612 546 2695 pericula,
564 2633 644 2695 quae
659 2613 693 2674 in
708 2614 849 2695 negotiis
864 2612 939 2693 fidei
955 2616 1175 2699 emergebant,
1200 2618 1242 2685 ad

188 2715 272 2780 hanc
301 2713 417 2780 Sedem
443 2715 662 2797 Apostolicam
688 2715 880 2792 retulerunt,
902 2724 939 2780 ut
962 2717 1008 2781 ibi
1030 2716 1244 2802 potissimum

188 2820 415 2883 resarcirentur
430 2817 546 2880 damna
561 2816 647 2893 fidei,
664 2818 720 2881 ubi
735 2819 815 2882 fides
830 2839 897 2884 non
918 2826 1027 2903 potest
1049 2825 1171 2888 sentire
1187 2824 1241 2891 de-

188 2922 332 2988 fectum.¹
378 2920 516 2985 Romani
536 2928 645 2984 autem
669 2920 854 2998 Pontifices,
881 2931 978 3006 prout
1000 2931 1187 3008 temporum
1209 2933 1242 2996 et

188 3047 297 3091 rerum
312 3024 454 3088 conditio
466 3022 628 3099 suadebat,
641 3043 730 3086 nunc
741 3026 923 3089 convocatis
932 3029 1145 3094 oecumenicis
1157 3032 1239 3097 Ocn-

188 3129 273 3194 ciliis
288 3129 343 3191 aut
358 3127 520 3209 explorata
534 3125 699 3189 Ecclesiae
714 3146 772 3210 per
787 3128 897 3192 orbem
921 3128 1086 3212 dispersae
1110 3145 1238 3199 senten·

187 3236 247 3309 tia,
264 3252 350 3295 nunc
360 3248 418 3313 per
434 3227 580 3310 Synodos
594 3230 813 3312 particulares,
830 3251 917 3294 nunc
931 3232 1014 3310 aliis,
1031 3252 1115 3317 quae
1127 3233 1240 3307 divina

190 3333 416 3420 suppeditabat
431 3329 642 3416 providentia,
657 3331 812 3397 adhibitis
828 3335 970 3410 auxiliis,
981 3355 1021 3399 ea
1035 3339 1175 3402 tenenda
1186 3342 1239 3407 de·

189 3439 372 3512 finiverunt,
389 3454 470 3519 quae
487 3436 586 3498 sacris
603 3435 778 3518 Scripturis
794 3444 826 3500 et
838 3438 1026 3520 apostolicis
1043 3439 1241 3510 Traditioni·

188 3545 249 3607 bus
264 3545 480 3605 consentanea
494 3539 563 3601 Deo
578 3539 720 3621 adjutore
744 3546 969 3622 cognoverant.
1016 3540 1127 3626 Neque
1150 3548 1241 3616 enim

189 3647 278 3710 Petri
291 3641 527 3708 suecessoribus
544 3639 685 3724 Spiritus
702 3637 841 3706 Sanctus
853 3645 1034 3726 promissus
1054 3653 1115 3722 est,
1139 3650 1178 3713 ut
1200 3671 1243 3720 eo

188 3749 349 3816 revelante
363 3765 482 3812 novam
497 3742 682 3810 doctrinam
697 3746 931 3829 patefacerent,
948 3747 1007 3814 sed
1023 3751 1060 3815 ut
1073 3768 1111 3815 eo
1122 3751 1242 3823 assist-

528 3935 587 3986 ¹Ct
601 3935 626 3986 S.
638 3936 716 3986 Bern.
730 3936 814 4000 Epist.
823 3952 877 3987 cxc.
