2572 4410
671 355 736 421 188

182 530 268 617 quod
282 529 457 614 Apostolus
480 526 731 611 addiscipulum
754 526 962 593 Timotheum
986 530 1126 614 scripsit,
1143 532 1243 615 quasi

182 636 245 702 sibi
259 636 381 699 dictum
403 633 589 698 existimet:
614 633 637 664 ‘⁴
649 630 790 696 Attende
811 631 871 696 tibi
889 622 927 696 ¹et
941 634 1126 717 doctrinae:
1149 636 1243 700 insta

180 741 249 804 “in
272 740 350 803 illis.
394 738 467 802 Hoc
489 738 577 802 enim
595 736 715 800 iaciens
737 742 770 799 et
792 737 933 818 teipsum
952 736 1076 802 salvum
1090 739 1192 803 facies
1206 745 1244 805 ct

181 843 270 907 “eos
284 842 341 926 qui
350 846 385 904 te
399 839 567 904 audiunt.”
614 838 647 915 (1
660 838 745 901 Tim.
759 839 799 902 iv.
816 839 883 918 16.)

224 946 298 1011 824.
329 945 480 1008 Rectores
512 941 763 1005 Seminariorum
788 947 911 1027 curent,
934 945 1109 1027 propositis
1138 945 1241 1011 etiam

179 1048 342 1133 praemiis,
358 1051 397 1109 ut
418 1045 543 1109 alumni
564 1044 600 1106 in
622 1049 719 1106 cantu
741 1045 829 1125 gravi
846 1049 879 1107 et
901 1045 1124 1123 ecclesiastico,
1139 1047 1241 1112 sicuti

181 1173 278 1236 supra
300 1153 486 1227 statuimus,
517 1149 599 1213 bene
625 1148 850 1227 instituantur,
874 1155 971 1235 atque
997 1171 1103 1216 sacras
1132 1173 1240 1220 cacte-

180 1254 306 1320 monias
321 1253 417 1336 probe
440 1252 595 1316 ediscant.

224 1356 300 1420 825.
322 1354 503 1418 Statuimus
527 1356 636 1417 autem
661 1356 700 1415 ut
724 1353 833 1417 omnia
855 1359 888 1417 et
908 1355 1036 1437 singula
1059 1356 1243 1424 Seminaris

180 1466 214 1525 et
239 1459 382 1542 collegia
396 1465 507 1522 nostra
521 1476 595 1520 cum
610 1456 830 1522 Universitate
844 1465 955 1523 nostra
969 1461 1136 1527 catholica
1159 1484 1239 1529 con·

180 1562 351 1637 socientur,
368 1562 414 1623 ita
429 1565 466 1624 ut
487 1560 522 1622 in
537 1558 687 1622 omnibus
703 1559 884 1624 studiorum
907 1583 1022 1628 cursus
1044 1585 1119 1629 cum
1137 1586 1239 1632 cursu

179 1663 357 1729 academico
373 1661 601 1726 Universitatis
612 1662 706 1743 juxta
720 1661 856 1725 formam
875 1663 914 1728 ab
928 1664 1190 1752 Archiepiscopis
1205 1677 1239 1736 et

178 1767 351 1851 Episcopis
367 1766 541 1829 Hiberniae
556 1764 792 1849 approbandam
807 1768 981 1832 conveniat
1012 1816 1016 1826 ,

223 1871 297 1935 886.
322 1870 509 1934 Studiorum
532 1870 629 1933 etiam
652 1889 765 1934 cursus
780 1871 815 1933 in
832 1871 974 1956 Collegio
988 1874 1051 1936 isto
1071 1879 1186 1940 nostro
1204 1877 1240 1941 S.

178 1973 307 2039 Patritii
320 1974 404 2056 apud
414 1972 617 2056 Maynutiam
626 1992 700 2035 cum
709 1992 805 2036 cursu
816 1973 994 2038 academico
1005 1975 1241 2042 Universitatin

177 2077 405 2154 conformetur,
417 2077 512 2160 Juxta
535 2074 672 2139 formam
686 2073 726 2138 ab
745 2073 1000 2160 Archiepiscopis
1018 2082 1051 2142 et
1066 2076 1236 2164 Episcopis

179 2178 428 2263 approbandam.
515 2203 521 2212 ·

128 2349 130 2354 ,
223 2285 299 2350 327.
323 2282 541 2366 Maximopere
563 2300 672 2344 curaro
702 2278 820 2344 debent
838 2281 1003 2366 Episcopi,
1029 2290 1067 2348 ut
1096 2287 1236 2368 optimos

178 2407 323 2472 quosque
339 2408 356 2449 e
373 2386 465 2450 Glero
475 2387 510 2449 in
527 2384 777 2448 Seminariorum
791 2384 976 2467 Superiores
987 2394 1020 2452 et
1034 2388 1236 2456 Professores

179 2490 317 2572 seligant
332 2490 388 2571 qui
407 2487 587 2571 prudentia,
602 2486 733 2570 pietate,
750 2485 902 2564 doctrina,
920 2495 953 2552 et
977 2493 1111 2556 caeteris
1130 2494 1236 2558 omni·

178 2591 241 2657 bus
266 2591 333 2655 viro
356 2590 568 2654 ecclesiastico
594 2589 702 2671 dignis
729 2588 860 2653 dotibus
886 2592 1047 2657 studiosae
1072 2596 1240 2677 juventuti

178 2693 393 2778 praeluceant.
430 2693 631 2756 meessoree
655 2691 752 2755 etiam
775 2693 962 2776 seligantur,
980 2703 1136 2780 quantum
1167 2701 1241 2766 fieri

179 2802 297 2882 potest,
314 2798 353 2860 ob
364 2796 523 2881 praeclara
537 2797 572 2859 in
588 2793 705 2858 studiis
720 2796 845 2859 merita.
891 2797 943 2861 Ad
954 2799 1132 2884 Episcopos
1149 2802 1241 2868 solos

178 2899 318 2976 pertinet
333 2897 496 2986 deputatio
513 2899 720 2973 Superiorum
735 2904 768 2962 et
782 2899 1015 2968 Professorum.

624 3365 794 3431 XXXVII.

178 3509 223 3556 Du
252 3508 421 3556 conusens
447 3509 591 3557 ruamus
618 3512 661 3558 ΕΤ
688 3515 732 3559 DE
766 3512 1006 3561 umvuasmuu
1034 3513 1242 3566 sormones

600 3617 810 3664 DUBLINENSI·

223 3723 299 3786 328.
324 3719 406 3788 Cum
421 3723 455 3784 in
465 3722 608 3786 Romano
619 3723 774 3788 Pontifice
787 3724 910 3788 Christi
920 3725 955 3787 in
967 3723 1061 3789 terris
1070 3723 1241 3791 Vicarium

180 3831 213 3890 et
229 3826 338 3890 Sancti
352 3826 442 3889 Petri
457 3847 672 3891 successorem
692 3847 904 3908 agnoscamus
918 3847 953 3890 ac
968 3848 1168 3906 veneremur,
1184 3830 1240 3896 cui

178 3925 335 3992 divinitus
350 3947 469 3991 munus
491 3927 622 4011 optimis
644 3927 800 3994 doctrinis
814 3927 925 3993 fideles
947 3929 1163 4006 instituendi·
1170 3936 1205 3996 et
1220 3953 1240 3998 a
