2572 4410
654 349 720 414 228

444 653 774 743 APPENDIX
821 652 928 738 VII.

537 784 602 856 [Ad.
609 800 673 854 pap.
685 784 730 851 79,
741 800 767 836 n.
780 783 838 855 tt]

550 1049 822 1115 INSTRUCTIO

156 1180 185 1231 s.
202 1180 482 1226 couasusrrrorus
504 1181 548 1224 nu
571 1180 781 1225 anomalum
801 1181 880 1225 rmn
903 1180 988 1225 ntra
1005 1161 1211 1226 nm251ma.

222 1256 225 1262 ’
281 1265 377 1342 1859,
393 1281 438 1327 nn
453 1281 640 1326 nummorur
656 1280 859 1327 ssuomssmr
873 1281 916 1326 au
930 1279 1098 1326 rurramos.

155 1429 262 1493 Innim
280 1449 323 1493 nr
339 1432 415 1493 Risu
431 1430 577 1492 Douma.

198 1538 276 1604 Etsi
301 1543 418 1606 sancta
445 1537 558 1604 omnia
585 1541 701 1605 saneto
725 1539 904 1606 tractanda
930 1538 1010 1617 sint,
1037 1541 1217 1624 propterea

154 1642 243 1728 quod
266 1643 309 1708 ad
331 1645 439 1708 Deum
463 1640 653 1726 pertineant
676 1641 734 1726 qui
754 1641 977 1709 essentialiter
995 1644 1133 1708 sanctus
1153 1642 1216 1719 est,

155 1747 307 1811 attamen
323 1742 601 1829 augustissimum
616 1744 852 1812 Eucharistiae
865 1749 1116 1812 sacramentum
1132 1744 1218 1812 sicut

155 1849 259 1916 sacris
296 1847 463 1935 mysteriis
501 1848 657 1915 omnibus
694 1850 818 1935 absque
858 1851 930 1916 ulla
966 1849 1219 1935 comparatione

156 1972 219 2018 san
237 1951 335 2019 titate
358 1949 576 2037 praeeminet,
600 1949 649 2016 ita
672 1949 818 2017 maxima
840 1971 920 2036 prae
943 1953 1061 2018 ceteris
1078 1972 1217 2019 venera-

154 2051 246 2118 tione
278 2055 329 2118 est
363 2049 643 2136 pertractandum.
700 2050 756 2117 Nil
792 2045 905 2137 itaque
941 2051 1066 2118 mirum
1104 2052 1135 2120 si
1167 2055 1220 2120 tot
1257 2092 1259 2097 =

155 2149 306 2216 Ecclesia
337 2146 473 2215 diversis
502 2149 709 2232 temporibus
746 2149 885 2218 ediderit
919 2141 1062 2230 decreta,
1094 2151 1218 2238 quibus

157 2246 282 2313 asnaa
312 2244 548 2312 Eucharistiae
572 2246 695 2313 delatio
718 2269 778 2333 pro
801 2250 1033 2333 adjunctorum
1055 2251 1218 2318 varietate

154 2348 206 2411 vel
221 2346 438 2431 denegaretur
453 2347 599 2425 omnino,
616 2348 667 2413 vel
687 2369 727 2414 ea
749 2369 815 2433 qua
838 2370 900 2434 par
923 2353 1010 2416 esset
1031 2350 1219 2416 reverentia

155 2445 384 2512 admitteretur
394 2447 414 2526 3¹
440 2469 517 2513 cum
543 2445 630 2512 nihil
653 2449 829 2532 antiquius,
842 2449 941 2515 fuerit
963 2449 1132 2514 Ecclesiae
1155 2446 1219 2514 Dei

155 2569 256 2634 quam
269 2559 307 2615 ut
319 2549 505 2616 animarum
516 2551 699 2636 profectum
714 2554 813 2634 atque
825 2550 1089 2617 aedificationem
1106 2551 1218 2619 debito

153 2675 229 2718 cum
244 2653 369 2717 honore
384 2653 569 2719 divinorum
585 2652 735 2718 omnium
755 2652 954 2719 divinissimi
976 2656 1127 2738 mysterii
1142 2675 1217 2720 con-

154 2757 302 2821 sociaret.
349 2756 442 2820 Haec
472 2777 568 2841 porro
598 2779 675 2842 prae
705 2755 810 2822 oculis
836 2757 966 2823 habens
993 2757 1130 2823 Sacrum
1153 2759 1218 2825 hoc

155 2856 341 2924 Consilium
366 2857 556 2924 Christiano
579 2861 715 2925 Nomini
737 2859 966 2943 Propagando,
983 2857 1219 2943 cumprimum

153 2961 316 3025 intellexit
339 2957 375 3024 in
400 2961 594 3045 quibusdam
621 2959 719 3026 istius
741 2962 884 3045 regionis
906 2960 1120 3028 Dioecesibus
1140 2984 1218 3029 eon·

156 3061 364 3126 suetudinem
388 3080 446 3123 seu
468 3059 578 3144 potius
599 3061 738 3124 abusum
760 3061 1002 3138 invaluissent
1023 3062 1218 3126 Sacerdotes

156 3160 298 3228 SSrhum
316 3163 564 3226 Sacramentum
587 3185 606 3225 a
627 3182 723 3226 mane
738 3182 841 3247 usque
857 3162 901 3228 ad
916 3184 1087 3248 vesperam
1104 3184 1219 3230 secum

154 3264 318 3327 deferrent
348 3283 387 3327 ea
416 3265 550 3328 tanturn
580 3262 620 3327 de
651 3284 749 3328 causa
777 3263 864 3348 quod
893 3265 928 3327 in
959 3263 1104 3348 aliquem
1134 3264 1218 3329 forte

154 3373 325 3448 aegrotum
354 3363 497 3429 incidere
534 3367 681 3449 possent,
714 3363 757 3428 ad
787 3363 1059 3448 Metropolitanus
1088 3363 1219 3431 censuit

155 3466 372 3544 scribendum,
400 3473 472 3531 turn
498 3467 536 3531 ut
562 3463 830 3530 consuetudinem
856 3466 948 3530 illam
975 3465 1017 3531 ab
1046 3465 1218 3530 Ecclesiae

152 3569 246 3654 praxi
272 3573 408 3636 omnino
437 3570 614 3635 abhorrere
641 3568 827 3647 declararet,
855 3578 927 3635 tum
955 3572 1055 3635 etiam
1081 3578 1120 3636 ut
1147 3574 1218 3655 ejus

152 3668 378 3733 extensionem
398 3667 582 3734 accuratius
606 3667 872 3753 deprehenderet.
917 3670 1086 3753 Responsa
1101 3667 1217 3733 Archi·

152 3772 377 3854 episcoporum
387 3771 474 3836 brevi
486 3771 527 3835 ad
539 3770 671 3837 Sacram
684 3767 978 3854 Congregationem
989 3772 1216 3855 pervenerunt,

350 3903 359 3932 ¹
370 3903 428 3953 Vid.
441 3918 510 3983 quae⁴
517 3903 546 3952 in
557 3918 611 3953 rem
623 3906 789 3967 proferuntur
799 3903 828 3952 in
840 3904 962 3968 subjectis
973 3909 1053 3955 notis.
