2572 4410
656 324 723 389 220

203 494 241 558 N
240 494 293 559 .B.
317 494 393 558 Huc
407 494 509 559 facere
530 503 666 579 possunt
680 495 744 561 duo
759 496 815 560 alii
837 517 959 563 errores
973 497 1013 563 de
1028 499 1217 567 clericorum

159 593 316 659 coelibatu
331 592 485 659 abolendo
499 601 532 658 et
547 595 586 659 de
602 600 688 659 statu
702 596 899 660 matrimonii
911 598 1011 662 statui
1018 600 1221 682 virginitatis

160 694 375 760 anteferendo.
429 695 671 773 confodiuntur,
701 697 790 780 prior
818 697 854 761 in
883 698 980 781 epist.
1006 701 1128 783 encycl.
1152 700 1221 779 Qut

140 800 143 805 ’
155 799 314 882 plurilua
340 802 361 865 9
386 798 575 864 Novembris
606 800 702 876 1846,
726 801 882 884 posterior
905 802 941 865 in
965 802 1085 868 litteris
1110 805 1216 889 apost.

160 904 357 987 Multiplices
371 902 466 981 luter,
484 906 526 967 10
542 902 634 967 lunii
650 906 746 968 1851.

637 1199 733 1288 arx.

247 1374 395 1420 ramnus
409 1373 454 1418 DE
469 1373 569 1433 alum
582 1372 707 1417 ROMANI
728 1373 1126 1422 Pourmcrs‘Pnnucm'ru.

204 1491 257 1558 75.
278 1491 328 1554 De
343 1488 528 1573 temporalis
550 1490 641 1571 regni
664 1508 738 1553 aum
761 1490 922 1573 spirituali
947 1492 1219 1576 oompatibilitate

160 1591 328 1676 disputant
342 1593 427 1655 inter
437 1611 477 1655 -se
493 1591 693 1655 Christianae
708 1598 741 1656 et
755 1591 938 1656 Catholicae
961 1592 1126 1659 Ecclesiae
1141 1596 1215 1662 filii.

203 1695 288 1758 Litt.
304 1693 417 1777 Apost.
434 1691 492 1755 Ac
507 1691 721 1774 Apostollcac,
739 1693 781 1755 22
796 1692 940 1775 Augusti
956 1695 1052 1759 1851.

204 1795 259 1863 76.
282 1793 454 1877 Abrogatio
490 1792 594 1856 civilis
629 1793 769 1875 imperii,
798 1812 861 1874 quo
897 1793 1082 1877 Apostolica
1115 1793 1218 1857 Sedes

161 1895 293 1977 potitur,
311 1893 352 1956 ad
370 1892 535 1956 Ecclesiae
549 1892 730 1955 libertatem
745 1891 995 1977 felicitatemque
1008 1894 1060 1958 vel
1075 1895 1219 1957 maxime

160 1995 362 2062 conduceret.

202 2096 305 2160 Alloc.
324 2096 444 2174 Quibus
459 2094 655 2176 quantisque,
672 2095 715 2157 20
729 2093 853 2176 Aprilis
869 2094 967 2159 1849.

203 2197 241 2259 N
240 2198 293 2259 .Β.
318 2195 447 2259 Praeter
457 2194 518 2259 hos
532 2215 653 2258 errores
662 2193 810 2276 explicite
822 2200 958 2270 notatos,
970 2195 1026 2257 alii
1034 2195 1217 2278 complures

160 2298 317 2380 implicite
332 2296 540 2380 reprobantur
559 2296 722 2378 proposita
743 2301 776 2358 et
798 2302 918 2359 asserta
939 2298 1093 2374 doctrina,
1117 2319 1218 2381 quam

161 2396 320 2461 Catholici
356 2416 466 2461 omnes
495 2397 680 2459 firmissime
709 2395 846 2458 retinere
881 2393 1027 2473 debeant,
1058 2395 1098 2459 de
1128 2399 1218 2460 civili

160 2499 296 2561 Romani
325 2497 491 2561 Pontificis
519 2496 711 2578 principatu.
760 2492 932 2577 Ejusmodi
958 2496 1102 2558 doctrina
1124 2496 1216 2559 lucu-

160 2601 263 2665 lenter
276 2602 420 2664 traditur
440 2602 475 2662 in
501 2598 603 2662 Alloc.
640 2598 760 2675 Quibus
783 2597 980 2678 quantisque,
1009 2598 1051 2660 20
1075 2597 1215 2680 Aprilis,

161 2703 246 2765 1849
253 2724 262 2778 ;
285 2703 321 2763 in
341 2700 442 2765 Alloc.
465 2703 504 2767 st
526 2723 647 2783 semper
669 2711 774 2777 catcc,
792 2701 835 2764 20
849 2701 931 2763 Maii
947 2702 1053 2778 1850;
1078 2702 1114 2763 in
1129 2702 1215 2765 Litt.

159 2805 272 2889 Apost.
291 2806 373 2869 Cum
389 2805 554 2869 Cottollcu
567 2805 724 2883 Ecclesia,
742 2805 785 2867 26
800 2803 914 2867 Martii
931 2805 1036 2882 1860;
1060 2805 1094 2866 in
1109 2804 1215 2867 Alloc.

159 2910 277 2986 Nouos,
305 2909 348 2970 28
374 2909 571 2992 Septembris
604 2908 708 2985 186ος
733 2909 768 2969 in
798 2907 899 2970 Alloc.
934 2907 1145 2983 comaclum,
1173 2909 1218 2971 18

159 3012 272 3077 Martii
299 3011 400 3090 18613
423 3013 458 3074 in
473 3011 575 3076 Alloc.
591 3009 886 3091 Monumentum,
904 3012 924 3074 9
940 3009 1032 3074 lunii
1056 3010 1153 3073 1862.

635 3290 720 3379 ar.

180 3471 328 3516 ERRORES
349 3469 405 3524 QUI
420 3470 462 3513 ΔΙ)
482 3466 729 3512 LIBERALISMUM
745 3465 943 3510 HODIERNUM
957 3463 1191 3508 REFERUNTUR.

202 3593 256 3658 77.
279 3589 393 3652 Aetate
408 3587 468 3650 hac
489 3591 599 3650 nostra
619 3604 683 3647 non
706 3582 846 3667 amplius
868 3583 1007 3664 expedit,
1023 3580 1216 3663 religionem

159 3690 360 3758 catholicam
385 3690 497 3754 haberi
526 3690 693 3771 tamquam
719 3687 847 3748 unicam
874 3686 986 3748 Status
1012 3685 1214 3766 religionem,

159 3795 295 3861 caeteris
311 3793 566 3877 quibuscumque
582 3788 723 3853 cultibus
739 3788 889 3850 exclusis.

199 3894 301 3959 Alloc.
325 3893 425 3965 Nemo
440 3900 587 3973 uestrum,
605 3890 648 3953 26
669 3887 750 3954 Julii
766 3887 862 3951 1855.
