2572 4410
623 320 685 385 111

121 493 263 559 confecta
283 493 444 578 Episcopo
459 491 500 558 ab
515 491 627 558 eodem
648 490 852 578 approbanda
872 490 1070 572 exhibeatur,
1088 501 1175 560 ante·

121 620 217 684 quam
228 599 330 682 prima
350 598 488 661 aedificii
503 597 713 662 fundamenta
726 602 900 681 ponantur.

162 704 239 767 195.
265 700 302 768 Si
318 707 439 766 veteres
452 702 613 766 Ecclesiae
637 702 704 766 sint
730 700 903 765 diruendae
917 706 975 765 aut
990 701 1173 767 notabiliter

120 806 349 885 immutandae,
367 808 543 871 statuimus
566 806 663 870 etiam
686 810 724 869 ut
745 804 902 889 parochus
917 805 959 879 in¹
974 811 1175 871 antecessum

121 911 265 977 debitam
279 913 443 977 licentiam
459 912 498 977 ab
512 913 673 996 Episcopo
688 911 841 975 obtineat.

162 1016 241 1081 196.
268 1015 448 1079 statuimus
479 1020 640 1098 praeterea
671 1019 707 1078 ut
735 1013 791 1077 ubi
821 1013 936 1078 domus
964 1018 1020 1077 aut
1050 1009 1175 1078 scholae

115 1117 317 1203 parochiales
355 1125 410 1182 aut
446 1119 641 1183 monasteria
682 1117 877 1181 aedificanda
914 1127 1000 1194 sunt,
1039 1139 1090 1181 res
1135 1118 1175 1181 ad

115 1219 318 1308 Episcopum
330 1221 499 1299 deferatur,
513 1224 645 1307 ejusque
661 1242 836 1286 consensus
847 1221 1038 1286 obtineatur.
1083 1221 1175 1298 Quod

115 1329 146 1392 si
164 1328 237 1411 jam
254 1332 340 1391 extet
366 1327 481 1391 domus
503 1326 694 1411 parochialis
724 1347 794 1390 eam
816 1325 900 1389 dirui
922 1326 972 1391 vel
994 1326 1171 1410 plurimum

113 1430 295 1506 immutari,
312 1429 377 1492 nisi
398 1429 526 1492 accedat
550 1428 704 1512 Episcopi
728 1448 915 1505 consensus,
941 1428 1170 1511 prohibemus:
1217 1508 1221 1513 ᾖ

113 1533 266 1597 uolumus
297 1536 405 1594 autem
438 1537 475 1594 ut
506 1530 692 1615 hujusmodi
714 1529 830 1595 domus
867 1537 970 1595 sartos
1006 1535 1171 1616 tectaeque

113 1639 250 1700 teneant
265 1631 406 1718 parochi.

160 1738 237 1804 197.
256 1734 440 1799 Cavendum
455 1735 545 1798 omni
560 1735 726 1818 diligentia
737 1741 797 1812 est,
808 1740 846 1799 ut
855 1736 943 1799 tituli
953 1735 1172 1799 Ecclesiarum

113 1847 148 1905 et
163 1839 334 1903 domorum
357 1838 587 1922 parochialium
602 1840 648 1903 ita
663 1840 880 1917 conficiantur,
897 1845 935 1903 ut
962 1847 1116 1924 perpetuo
1133 1861 1170 1904 ea

113 1942 261 2007 aedificia
276 1942 310 2003 in
326 1961 424 2004 usum
439 1939 583 2004 debitum
597 1942 776 2005 conservari
790 1942 927 2025 possint.

160 2045 237 2108 198.
261 2041 360 2126 Optat
374 2042 455 2106 haec
468 2042 615 2123 Synodus
629 2049 666 2107 ut
680 2044 715 2107 in
732 2042 869 2127 singulis
883 2043 1041 2106 Paroe'ciis
1055 2040 1172 2107 domus

112 2147 316 2235 parochiales
345 2168 442 2230 prope
470 2147 633 2211 Ecclesiae
664 2150 783 2224 extent,
815 2148 930 2232 quibus
968 2148 1076 2211 decem
1114 2155 1171 2212 aut

113 2250 300 2340 quindecim
313 2251 427 2333 jugera
450 2256 553 2313 terrae
577 2251 786 2314 adnectantur
798 2275 807 2330 3
843 2256 875 2314 et
904 2250 1035 2313 mandat
1064 2256 1102 2313 ut
1132 2250 1170 2313 de

112 2353 304 2436 hujusmodi
329 2354 458 2437 negotio
484 2354 519 2416 in
547 2351 688 2438 Synodis
714 2351 909 2419 dioecesanis
925 2361 1049 2437 agatur.
1093 2355 1170 2417 Par-

114 2457 270 2522 oehorum
278 2457 339 2521 hac
354 2458 389 2519 in
400 2479 434 2520 re
449 2457 642 2522 industriam
653 2460 838 2534 excitamus,
852 2480 925 2522 cum
936 2462 1004 2543 jam
1019 2460 1170 2542 pecunias

113 2560 158 2624 ad
177 2561 264 2624 hunc
287 2561 384 2623 finem
407 2561 602 2624 necessarias
618 2582 637 2624 a
651 2561 806 2645 gubernio
822 2562 907 2625 cirili
922 2562 1012 2625 facile
1028 2562 1170 2625 mutuari

112 2665 252 2748 possint.

161 2769 238 2832 199.
265 2767 348 2830 Cum
359 2766 549 2849 gravissima
565 2767 681 2831 damna
696 2768 845 2850 religioni
860 2774 892 2832 et
916 2769 1108 2853 reipublicae
1129 2791 1169 2832 ex

115 2870 323 2934 societatibus
339 2871 468 2934 secretis
484 2871 637 2948 oriantur,
654 2873 807 2955 parochos
827 2895 996 2938 monemus
1018 2880 1055 2938 ut
1069 2876 1169 2937 maxi·

114 2996 204 3038 mam
219 2975 420 3058 diligentiam
435 2976 469 3038 in
485 2996 521 3039 eo
536 2981 667 3059 ponant,
684 2982 720 3040 ut
742 2978 929 3062 hujusmodi
952 2979 1119 3042 societates
1134 2979 1169 3041 in
1224 3035 1226 3039 .

116 3080 187 3144 suis
200 3079 356 3162 paroeciis
371 3100 437 3142 non
451 3079 672 3143 instituantur.

160 3182 235 3245 200.
262 3181 344 3244 Cum
367 3202 460 3244 nemo
485 3181 629 3246 militans
646 3183 713 3247 Deo
735 3185 874 3266 negotiis
897 3183 1111 3248 saecularibus
1133 3205 1169 3248 se

115 3287 279 3371 implicare
295 3286 417 3363 debeat,
429 3307 564 3370 cumque
575 3289 753 3371 periculum
768 3290 821 3368 sit,
834 3311 876 3353 ne
890 3291 916 3353 ii
931 3290 986 3373 qui
1000 3287 1169 3352 latifundia

115 3390 310 3464 conducunt,
344 3394 474 3473 tempus
512 3391 547 3453 in
584 3391 626 3454 iis
659 3391 801 3455 colendis
842 3392 1041 3476 impendant,
1085 3387 1169 3473 quod

116 3496 278 3580 spirituali
293 3515 386 3558 curae
406 3495 517 3579 populi
532 3496 674 3574 debetur,
692 3502 837 3561 vetamus
852 3519 894 3561 ne
920 3498 992 3581 quis
1011 3494 1169 3580 parochus

116 3601 187 3664 sine
201 3618 361 3662 consensu
375 3597 528 3680 Episcopi
550 3599 720 3682 plusquam
735 3600 918 3683 quindecim
938 3600 1052 3682 jugera
1066 3603 1169 3660 terrae

114 3703 283 3775 conducat,
301 3704 356 3762 aut
371 3720 427 3782 per
443 3720 477 3763 se
492 3701 542 3764 vel
556 3722 613 3785 per
628 3702 728 3765 alium
744 3708 886 3786 occupet.

160 3805 236 3868 201.
259 3801 378 3866 Vicarii
409 3807 519 3866 autem
549 3803 759 3886 parochorum
782 3825 847 3868 non
869 3803 1048 3869 conducant
1069 3801 1169 3866 ullam

113 3910 295 3993 portionem
311 3925 470 3990 agrorum,
488 3907 552 3971 nisi
568 3907 696 3972 accedat
710 3909 865 3993 Episcopi
877 3928 1061 3974 consensus.
