2572 4410
694 314 717 380 4

158 485 337 554 'Ecclesiae
354 488 514 553 Oardinali
535 487 650 553 Cullen
665 492 859 573 nuncupato,
875 485 1123 572 Archiepiscopo
1140 485 1232 551 Dub-

174 591 302 668 linensi,
319 613 372 656 eas
386 599 504 677 partes,
520 591 702 676 Apostolica
716 591 835 655 Nostra
848 590 1047 654 Auctoritats
1069 591 1232 654 commisi·

174 714 258 771 mus,
275 700 322 772 ut,
350 696 482 759 attentis
506 696 603 758 etiam
628 693 842 778 peculiaribus
871 694 1026 777 temporis
1058 693 1232 777 adjunctis,

173 802 325 880 tanquam
350 797 524 880 Delegatus
545 796 749 881 Apostolicus
776 795 940 878 Synodum
964 802 1121 873 convocet,
1138 793 1236 880 eique

173 918 247 961 cum
262 899 467 963 facultatibus
477 900 597 983 praesit
611 899 810 976 necessariis,
824 904 919 982 atque
931 900 1140 981 opportunis:
1168 921 1231 982 pro

172 1007 258 1065 certo
279 1002 436 1066 habemus
465 1003 559 1064 illum
591 1021 625 1065 se
654 1001 752 1064 talem
775 1001 811 1063 in
847 999 908 1064 hoc
931 1000 1076 1064 obeundo
1098 1021 1237 1065 munere

171 1105 414 1187 praestiturum,
432 1105 559 1188 qualem
574 1124 700 1168 summa
712 1101 782 1186 ejus
797 1102 986 1187 prudentiae
1007 1123 1043 1166 ac
1065 1103 1234 1168 doctrinae

171 1207 253 1283 laus,
271 1208 397 1291 egregia
411 1208 529 1290 pietate
545 1206 717 1282 cumulata,
734 1204 803 1269 fore
817 1205 1001 1289 pollicetur.
1047 1206 1136 1283 Quae
1151 1227 1231 1270 cnm

175 1310 222 1373 ita
238 1311 313 1385 sint,
331 1309 410 1373 dum
425 1310 459 1372 in
473 1308 657 1373 humilitate
672 1307 801 1385 Nostra,
812 1308 1058 1373 ferventissimis
1079 1308 1233 1393 precibus

172 1412 324 1474 Datorem
338 1411 500 1474 luminum
515 1412 622 1475 Deum
637 1431 778 1487 oramus,
796 1411 832 1474 ut
848 1408 950 1475 Vobis
964 1411 999 1473 in
1015 1431 1074 1474 suo
1096 1412 1232 1476 nomine

172 1514 361 1578 coeuntibus
376 1536 413 1577 ea
429 1520 588 1598 suggerat,
605 1536 686 1598 quae
708 1513 858 1577 fidelibus
881 1535 975 1577 curae
990 1514 1124 1578 Vestrae
1140 1533 1231 1577 com·

172 1617 292 1692 missis,
305 1617 385 1680 bene
399 1637 548 1701 prospere
565 1639 600 1681 ac
611 1617 747 1681 feliciter
758 1618 917 1694 eveniant,
927 1616 1007 1693 Vos,
1017 1616 1230 1681 Venerabiles

173 1717 315 1797 Fratres,
332 1720 512 1796 hortamur,
530 1721 567 1783 ut
582 1726 759 1783 memorato
774 1717 967 1783 Dublinensi
989 1718 1151 1796 Antistiti,
1168 1718 1231 1783 tali
1250 1800 1251 1803 Ἴ

173 1828 267 1887 aucto
291 1842 433 1900 munere,
449 1828 606 1906 quantum
621 1824 656 1885 in
670 1821 769 1887 Vobis
786 1823 885 1886 situm
901 1824 962 1900 est,
980 1822 1205 1906 obsequamini
1218 1844 1228 1899 3

174 1926 324 2008 factaque
340 1925 382 1989 ab
396 1925 509 1989 eodem
526 1925 646 2009 Synodi
661 1925 898 2002 convocatione,
909 1946 1021 1990 omnes
1037 1924 1162 2002 adsitis,
1188 1922 1232 1989 ad

171 2030 336 2093 tramitem
361 2028 531 2093 Sacrorum
547 2025 725 2105 (lenonum,
744 2029 809 2092 nisi
824 2028 971 2110 legitimo
993 2020 1231 2111 impedimento

174 2131 393 2196 detineamini.
441 2130 642 2216 Quamquam
657 2151 731 2196 vero
746 2133 890 2215 praefato
905 2129 1057 2196 Antistiti
1071 2131 1230 2214 Delegato

173 2233 371 2318 Apostolico,
381 2236 557 2320 peculiares
572 2256 591 2298 a
605 2235 708 2299 Nobis
723 2235 952 2299 instructiones
961 2234 1080 2298 idcirco
1091 2231 1233 2299 traditae

175 2337 250 2414 sint,
267 2338 376 2401 tamen
392 2338 469 2415 Vos,
486 2338 694 2402 Venerabiles
723 2337 866 2414 Fratres,
883 2337 982 2401 etiam
1011 2344 1107 2420 atque
1130 2337 1232 2401 etiam

47 2439 49 2444 ’
173 2459 343 2503 monemus
367 2440 494 2503 utnon
520 2438 617 2504 modo
643 2430 809 2523 responsis
841 2439 925 2503 datis
946 2458 1006 2522 pro
1028 2439 1233 2523 gravioribus

174 2541 338 2605 nonnullis
371 2541 520 2624 negotiis,
545 2561 611 2625 quo
644 2561 702 2626 par
725 2543 775 2606 est
799 2539 918 2618 studio,
940 2542 1146 2618 inhaereatis,
1173 2542 1235 2607 sed

175 2644 277 2708 etiam
292 2643 382 2707 illam
397 2663 507 2707 curam
529 2645 739 2727 potissimum
754 2645 789 2706 in
806 2643 939 2727 Synodo
962 2645 1093 2728 geratis,
1110 2645 1147 2709 ut
1164 2642 1233 2709 dis·

174 2746 326 2830 ciplinam
353 2743 546 2830 supradictis
560 2747 735 2830 rescriptis
757 2748 1006 2811 consentaneam
1033 2748 1130 2832 atquo
1158 2747 1232 2811 uni·

174 2850 1233 2934 formemperomncsProvincias,singulasquevestrasDioeceses,

175 2952 302 3018 collatis
324 2953 470 3017 consiliis
491 2953 708 3018 constituatis.
754 2952 858 3017 Porro
880 2953 1030 3017 volumus
1052 2974 1088 3016 ac
1110 2952 1235 3037 praeci-

174 3056 295 3141 pimus,
312 3062 349 3119 ut
373 3053 495 3138 Synodi
518 3061 588 3119 acta
603 3061 637 3119 et
652 3056 777 3119 decreta
792 3054 833 3119 ad
850 3056 1000 3120 Sanctam
1023 3054 1106 3119 hanc
1127 3053 1234 3138 Apos-

174 3157 305 3223 tolicam
328 3158 442 3221 Sedem
467 3159 739 3236 transmittantur,
764 3164 802 3222 ut
826 3159 977 3222 instituto
1003 3158 1043 3221 do
1066 3178 1154 3221 more
1180 3178 1235 3221 ex-

175 3260 291 3337 amine,
308 3258 347 3322 de
361 3260 428 3323 illis
438 3260 598 3344 judicium
614 3261 752 3339 feratur3
769 3282 867 3345 eaque
883 3262 911 3326 si
926 3283 944 3325 e
959 3261 1110 3324 revisum
1122 3259 1233 3336 fuerit,

175 3362 304 3440 Nostra,
330 3363 380 3427 vel
403 3383 620 3426 successorum
646 3364 837 3428 Nostrorum
860 3384 1009 3447 suprema
1031 3361 1235 3426 Auctoritate

175 3466 402 3529 confirmentur
424 3486 461 3529 ac
489 3464 687 3531 roborentur.
744 3467 833 3530 Haec
863 3467 1047 3541 statuimus,
1070 3464 1234 3541 volumus,

174 3567 376 3644 mandamus,
388 3567 592 3632 decernentes
606 3576 790 3651 praesentes
801 3570 936 3634 Nostrae
952 3568 1093 3632 Litteras
1109 3567 1233 3645 firmas,

47 3683 49 3689 ’
174 3670 306 3746 validas,
324 3676 356 3733 et
393 3669 534 3734 efficaces
572 3691 699 3755 semper
735 3673 873 3736 existere
909 3679 942 3736 et
978 3673 1056 3746 fore,
1094 3690 1236 3752 suosque

174 3773 335 3856 plenarios
350 3779 383 3836 et
408 3774 550 3858 integros
563 3774 694 3838 effectus
711 3776 828 3853 sortiri,
848 3781 942 3859 atque
966 3775 1120 3850 obtinere,
1138 3778 1236 3855 atque

177 3871 217 3934 ab
231 3877 272 3936 iis
287 3875 327 3941 ad
342 3897 423 3963 quos
438 3882 593 3963 spectant,
610 3878 838 3943 inviolabiliter
867 3877 1027 3944 observari
1040 3899 1048 3954 ;
1074 3876 1183 3959 sicque
1198 3874 1234 3938 in
