2572 4410
653 335 696 404 l0

150 517 283 582 afflictos
299 517 479 584 catholicos
494 516 534 581 ab
556 517 640 581 avita
662 516 725 580 fide
740 516 904 593 seducant,
928 536 991 599 quo
1003 514 1128 579 'scilicet
1142 535 1199 579 eos

147 626 319 704 apostatas,
334 619 525 704 hypocritas,
542 625 574 683 ot
588 619 672 683 filios
683 619 847 702 gehennae
862 618 1007 693 efficiant,
1017 618 1200 701 Episcopos

147 724 276 788 illorum
301 725 444 789 locorum
470 729 503 788 et
528 723 608 786 alios
637 743 748 786 omnes
777 723 863 786 viros
888 722 1140 786 Ecclesiastiooa
1160 722 1200 784 in

147 826 286 890 Domino
309 825 485 903 hortamur,
502 830 540 888 ut
569 825 754 907 saepissime
781 823 900 907 populo
929 818 1091 906 exponant
1119 823 1197 887 fidei

147 933 387 1014 praestantiam,
403 936 436 995 et
457 930 597 1014 pericula
633 935 666 994 ot
701 929 820 993 damna
856 929 1051 994 denuncient
1081 930 1202 1014 quibus

148 1041 310 1119 apostatae
325 1040 538 1118 exponuntur·
581 1031 703 1099 (lurent
717 1034 814 1097 etiam
829 1033 984 1117 Episcopi
1006 1039 1044 1097 ut
1065 1034 1200 1116 parochi

149 1137 394 1217 diligentissime
409 1136 448 1200 de
463 1135 578 1199 iisdem
592 1135 688 1199 rebus
703 1141 810 1218 agant,
821 1141 920 1218 utque
928 1137 1018 1199 omni
1028 1135 1203 1218 prudentia

148 1245 182 1303 et
211 1239 365 1302 charitate
393 1259 429 1302 se
456 1237 641 1322 hujusmodi
674 1237 837 1321 magistris
874 1237 989 1300 erroris
1026 1243 1200 1320 opponant.

148 1343 327 1406 Hortentur
341 1362 467 1426 quoque
487 1360 600 1408 omncs
620 1345 658 1404 ut
679 1360 773 1423 saepo
797 1346 905 1404 mente
926 1340 1078 1417 recolant,
1103 1362 1203 1423 quam

146 1445 277 1528 insigne
283 1445 327 1507 sit
334 1444 523 1508 beneficium
533 1442 618 1526 quod
629 1443 768 1526 gratuito
777 1443 840 1505 Dei
847 1441 931 1507 dono
947 1444 1203 1520 suntoonsccuti,

150 1547 228 1611 dum
253 1534 357 1608 adhuc
380 1550 430 1608 tot
445 1544 499 1607 alii
524 1544 609 1607 inter
637 1563 718 1627 quos
746 1544 810 1627 ipsi
838 1544 960 1620 vivunt,
990 1543 1098 1610 abdito
1124 1566 1203 1609 sana

149 1646 395 1730 hominibusque
407 1647 560 1731 impervie
576 1646 719 1722 consilio,
729 1646 911 1711 Catholicae
920 1647 1083 1712 Ecclesiae
1091 1671 1203 1714 vocem

151 1750 261 1813 audire
287 1757 446 1821 recusant.
491 1749 562 1813 Hac
583 1750 669 1814 euim
691 1752 815 1813 ratione
836 1751 892 1814 fiet
913 1757 952 1814 ut
972 1730 1051 1819 dum
1077 1753 1203 1818 debitas

149 1854 310 1937 Largitori
324 1854 445 1936 optimo
459 1873 516 1936 pro
530 1852 605 1916 fidei
619 1873 752 1916 munere
767 1858 874 1936 grates
889 1854 1002 1937 majori
1017 1874 1079 1937 quo
1094 1855 1204 1920 valent

151 1957 259 2022 studio
280 1957 415 2022 reddant
435 1962 468 2020 et
489 1947 637 2031 habeant,
653 1956 808 2021 auxilium
831 1976 850 2019 a
871 1955 940 2020 Deo
955 1956 996 2019 ad
1010 1956 1106 2021 fidem
1127 1979 1204 2040 cou-

152 2060 339 2125 servandam
360 2060 561 2125 consecuturi
591 2060 667 2138 sint,
693 2065 727 2123 et
748 2059 873 2123 firmius
894 2046 1024 2123 veritati
1045 2059 1205 2123 revelatae

152 2164 331 2244 adhaesuri.

196 2272 341 2347 18..an
363 2270 489 2333 facilius
511 2269 586 2332 finis
614 2268 737 2351 imponi
764 2268 868 2351 possit
893 2288 1003 2331 eorum
1025 2267 1206 2345 conatibus,

154 2374 209 2457 qui
223 2373 319 2436 fidem
343 2373 540 2436 Catholicam
564 2373 721 2444 eradicare
743 2378 897 2436 conantur
918 2371 1085 2437 hortamur
1106 2373 1206 2457 Epis·

153 2494 258 2557 capos,
271 2480 414 2557 utquam
427 2474 612 2555 saepissime
624 2476 761 2556 optimos
774 2475 876 2538 divini
884 2474 972 2538 verbi
985 2495 1156 2558 praecones
1171 2476 1207 2539 in

153 2574 231 2651 loca,
249 2576 278 2637 si
291 2595 372 2657 quae
394 2574 470 2649 sint,
494 2573 551 2635 ubi
564 2575 716 2656 praedicti
738 2581 870 2639 conatus
891 2576 981 2654 fiant,
1004 2577 1135 2639 mittant
1150 2576 1208 2659 qui

154 2675 309 2760 populum
323 2672 450 2735 fidelem
469 2673 632 2736 instruant
654 2683 686 2739 et
708 2698 828 2741 errores
850 2679 1026 2761 irrepentes
1048 2679 1207 2743 refellant.

155 2775 292 2840 Videant
315 2791 450 2857 quoque,
471 2778 509 2835 ut
533 2774 603 2855 piac
628 2777 809 2842 sodalitates
831 2779 916 2842 inter
938 2780 1049 2843 fideles
1071 2781 1205 2844 institu-

156 2883 261 2953 antur,
285 2896 366 2959 quae
388 2874 486 2936 finem
507 2875 608 2939 istum
629 2878 768 2944 habeant
790 2888 828 2945 ut
854 2882 951 2948 fidem
978 2886 1205 2967 pauperiorum

155 2984 281 3047 servent
296 2997 411 3059 eosque
425 2996 444 3038 a
458 2975 605 3058 periculis
620 2983 811 3047 custodiant.

201 3083 250 3145 19.
274 3079 418 3159 Cumque
439 3076 506 3158 jam
528 3079 635 3161 plures
664 3084 791 3152 ordines
814 3087 956 3169 religiosi
978 3094 1010 3152 et
1032 3110 1205 3174 congrega·

156 3183 261 3248 tiones
282 3180 366 3242 inter
387 3197 447 3247 nos
468 3180 616 3258 existant,
641 3185 696 3265 qui
717 3186 751 3254 in
773 3187 945 3254 missiones
967 3211 1072 3255 sacras
1086 3193 1206 3275 populo

155 3280 326 3348 badendas
349 3297 465 3359 magno
489 3278 556 3343 zelo
581 3287 615 3344 et
636 3284 742 3353 fructu
767 3288 967 3368 incumbunt,
984 3313 1095 3357 eorum
1110 3315 1208 3376 opera

157 3392 190 3452 ot
205 3384 325 3448 auxilio
340 3385 451 3448 curent
471 3380 624 3466 Episcopi
645 3393 681 3450 ut
702 3391 831 3470 parochi
853 3398 988 3461 utantur
1003 3394 1044 3459 ad
1059 3395 1157 3465 fidem
1172 3404 1206 3463 et

155 3491 308 3576 pietatem
344 3484 588 3568 promovendam
632 3494 664 3552 et
707 3494 954 3567 acatholicorum
991 3505 1126 3567 conatus
1164 3501 1206 3567 ad

156 3589 295 3656 nihilum
310 3583 510 3666 redigendos.
554 3585 604 3649 Na
625 3610 697 3653 vero
719 3593 838 3676 aliquid
861 3596 1048 3664 detrimenti
1071 3622 1111 3664 ex
1133 3612 1211 3671 sus·'

156 3695 281 3781 pioiope
296 3689 400 3771 turpis
414 3686 493 3748 lucri
516 3689 613 3752 sacris
635 3692 845 3763 missionibus
866 3701 987 3765 oriatur
1001 3703 1151 3770 volumus
1167 3713 1207 3771 ut

157 3796 305 3863 collectae
318 3786 488 3872 nequidem
499 3806 555 3868 pro
567 3790 696 3856 ecclesia
712 3797 904 3870 aedificanda
919 3809 976 3866 aut
991 3806 1133 3870 ornanda
1148 3813 1207 3876 aut

157 3897 229 3965 aljis
244 3889 374 3977 pietatis
389 3885 535 3970 operibus
557 3889 636 3956 fiant
657 3909 765 3959 earum
787 3903 960 3983 occasione,
977 3911 1072 3990 atque
1088 3908 1207 3975 nihila
