2572 4410
563 387 625 451 201

61 562 297 638 definitionem,
315 581 377 645 qua
391 559 585 624 credendum
601 560 643 625 ab
659 559 810 626 omnibus
827 562 950 628 Christi
968 566 1117 634 fidelibus
1176 596 1180 604 ’

60 673 125 744 eet,
144 672 292 731 sanctam
302 665 527 748 'Apostolicam
544 660 671 740 Sedem,
684 669 716 728 et
729 664 915 732 Romanum
928 670 1118 736 Pontificem

60 771 100 833 in
115 770 304 833 universum
319 767 428 832 orbem
451 771 561 829 tenere
588 767 777 849 primatum,
795 775 827 831 et
851 769 961 852 ipsum
983 771 1116 839 Pontin-

60 890 136 936 cem
166 869 351 935 Romanum
388 888 606 933 successorem
637 889 708 933 esse
734 868 820 934 beati
846 871 936 936 Petri
961 874 1117 957 principis

45 973 308 1058 Apostolorum,
334 973 367 1035 et
391 991 502 1035 verum
525 967 649 1035 Christi
671 971 843 1048 Vicarium,
869 975 1032 1058 totiusque
1053 974 1117 1041 Ec·

59 1075 180 1140 clasiae
195 1080 301 1158 caput,
319 1080 353 1137 et
367 1073 515 1137 omnium
532 1072 792 1139 Christianorum
817 1081 941 1157 patrem
956 1097 992 1140 aa
1007 1076 1117 1144 docto·

58 1199 132 1241 rem
149 1179 308 1252 existere;
333 1182 365 1239 et
380 1176 444 1258 ipsi
458 1177 493 1238 in
510 1174 607 1239 beato
629 1175 725 1240 Petro
747 1177 909 1259 pascendi,
926 1180 1059 1261 regendi
1080 1201 1117 1247 ac

59 1278 266 1362 gubernandi
288 1277 503 1342 universalem
518 1275 700 1341 Ecclesiam
715 1299 734 1341 a
748 1276 892 1344 Domino
906 1287 1019 1347 nostro
1034 1283 1056 1346 J
1057 1302 1116 1348 esu

60 1379 195 1447 Christo
217 1382 348 1464 plenam
380 1385 576 1462 potestatem
598 1380 750 1444 traditam
772 1399 870 1459 esse3
909 1385 1115 1466 quemadmo-

59 1485 142 1549 dum
165 1485 263 1549 etiam
285 1485 321 1546 in
343 1480 446 1567 gestis
468 1485 748 1548 oecumenicorum
779 1481 997 1571 conciliorum
1019 1494 1053 1554 et
1080 1490 1116 1554 in

61 1589 167 1654 sacris
182 1587 359 1651 canonibus
375 1587 571 1650 continetur.

104 1689 269 1756 Docemus
290 1688 424 1773 proinde
446 1691 479 1753 et
501 1687 713 1769 declaramus,
729 1690 909 1755 Ecclesiam
931 1691 1116 1759 Romanam

61 1795 254 1879 disponente
269 1793 411 1857 Domino
427 1812 524 1876 super
535 1811 649 1856 omnes
660 1793 740 1857 alias
751 1794 928 1858 ordinariae
943 1799 1115 1879 potestatis

61 2003 160 2067 tionis
183 2001 389 2084 potestatem,
406 2018 487 2080 quae
501 2017 574 2061 vere
597 1996 789 2083 episcopalis
812 2007 873 2076 est,
890 2001 1114 2067 immediatam

61 2124 152 2170 esse:
178 2124 254 2185 erga
269 2121 367 2187 quam
381 2103 609 2185 cujuscumque
633 2103 716 2165 ritus
732 2103 765 2166 et
779 2102 946 2186 dignitatis
968 2112 1114 2188 pastores

61 2216 160 2293 atque
183 2207 305 2282 fideles,
330 2212 399 2269 tam
424 2224 570 2269 seorsum
594 2202 726 2288 singuli,
743 2228 839 2289 quam
862 2207 962 2271 simul
985 2229 1110 2287 omnes,

59 2312 163 2376 officio
185 2309 401 2373 hierarchicae
424 2307 708 2383 subordinationis,
730 2328 889 2392 veraeque
911 2309 1113 2376 obedientiae

58 2412 313 2498 obstringuntur,
342 2430 409 2474 non
440 2409 544 2474 solum
570 2411 605 2472 in
630 2410 725 2475 rebus
762 2432 842 2494 quae
878 2412 918 2475 sd
954 2413 1050 2476 fidem
1081 2422 1114 2480 et

58 2535 180 2592 mores,
197 2515 255 2579 sed
276 2505 375 2578 etiam
397 2513 432 2575 in
454 2513 506 2588 iis,
531 2531 611 2597 quae
634 2511 677 2576 ad
699 2514 902 2597 disciplinam
918 2521 951 2578 et
965 2517 1110 2598 regimen

59 2618 224 2682 Ecclesiae
257 2637 313 2700 per
349 2622 455 2679 totum
480 2613 590 2678 orbem
617 2615 750 2679 diffusae
780 2617 941 2700 pertinent
953 2639 962 2693 ;
997 2619 1044 2682 ita
1073 2625 1112 2684 ut

59 2722 220 2787 custodita
234 2740 308 2784 cum
324 2719 469 2805 Romano
490 2716 646 2782 Pontifice
660 2724 728 2782 tam
749 2721 997 2797 communionis,
1014 2742 1111 2805 quam

59 2822 202 2908 ejusdem
235 2822 311 2885 fidei
341 2821 551 2904 professionis
575 2822 710 2898 unitate,
741 2822 887 2885 Ecclesia
909 2822 1031 2888 Christi
1065 2827 1109 2890 sit

60 2945 144 2991 unus
166 2945 243 3007 grex
258 2923 319 2987 sub
341 2943 408 2986 uno
424 2941 551 2987 summo
573 2924 712 3006 pastore.
757 2923 847 2988 Haec
869 2927 920 2989 est
935 2927 1108 2993 catholicae

60 3029 203 3093 veritatis
229 3026 384 3103 doctrina,
409 3046 427 3089 a
450 3045 513 3108 qua
538 3025 665 3090 deviare
690 3025 779 3091 salva
801 3026 865 3091 fide
888 3030 983 3113 atque
1006 3030 1110 3096 salute

61 3149 153 3196 nemo
168 3131 286 3215 potest.

98 3235 243 3297 Tantum
259 3237 367 3294 autem
382 3229 481 3306 abest,
499 3238 537 3294 ut
550 3229 628 3293 haec
646 3224 774 3295 Summi
788 3231 954 3295 Pontificis
964 3239 1106 3317 potestas

60 3336 176 3401 officiat
190 3333 366 3398 ordinariae
389 3355 424 3396 ac
446 3333 650 3396 immediatae
672 3332 722 3396 illi
747 3334 935 3417 episcopalis
956 3336 1106 3418 jurisdic-

58 3439 158 3505 tionis.
169 3437 331 3519 potestati,
348 3457 410 3519 qua
423 3436 587 3520 Episcopi,
605 3436 660 3518 qui
682 3436 779 3518 positi
801 3457 820 3499 a
842 3434 964 3519 Spiritu
989 3434 1106 3504 Sancto

52 3535 86 3606 in
102 3538 334 3623 Apostolorum
349 3537 456 3602 locum
469 3544 701 3614 successerunt,
712 3543 876 3621 tamquam
887 3541 953 3603 veri
963 3547 1106 3623 pastores

51 3643 240 3724 assignatos
256 3639 319 3703 sibi
334 3659 456 3723 greges,
474 3640 594 3721 singuli
610 3641 765 3723 singulos,
782 3645 918 3723 pascunt
931 3649 964 3705 et
977 3651 1104 3726 regunt,

46 3752 92 3810 ut
108 3743 221 3808 eadem
236 3763 255 3805 a
271 3763 419 3825 supremo
435 3749 468 3805 et
487 3743 659 3806 universali
682 3743 812 3806 Pastore
832 3751 1000 3821 asseratur,
1016 3746 1106 3811 robo-

46 3853 146 3911 retur
158 3866 194 3908 ac
205 3844 396 3921 vindicetur,
415 3845 591 3909 secundum
605 3845 687 3909 illud
703 3845 805 3908 sancti
817 3843 962 3928 Gregorii
974 3848 1104 3930 Magni:

43 3941 153 4014 Meus
167 3947 270 4015 honor
284 3953 335 4013 est
348 3948 450 4013 honor
465 3948 656 4021 universalis
675 3947 849 4014 Ecclesiae.
895 3949 990 4014 Meus
1005 3951 1107 4016 honor

1006 4053 1025 4094 o
