2572 4410
675 376 738 440 122

216 551 293 615 254.
316 551 406 614 Ηωο
422 550 456 613 S.
473 550 567 614 Pauli
582 550 726 614 doctrina
753 571 847 634 saepe
872 571 892 613 1
916 551 1135 616 sacerdotibus
1158 574 1236 635 pro·

173 655 321 740 ponenda
349 661 400 719 est
427 654 587 730 fidelibus,
618 661 657 718 111
685 655 811 718 discant
839 660 1033 738 quantopere
1061 655 1138 718 lites
1166 656 1236 718 sint

172 756 349 832 evitandae,
365 763 398 820 ct
412 763 568 840 quantum
582 756 622 819 ab
636 757 800 839 evangelio
814 756 918 819 aliena
933 757 976 820 sit
990 779 1103 820 corum
1117 757 1235 840 agendi

173 861 255 924 ratio
270 861 326 944 qni
341 862 469 944 saepius
484 860 564 942 11101
577 866 691 923 vocant
706 860 746 923 ad
759 860 943 936 tribunalia,
956 862 1075 944 quique
1085 861 1232 944 volupta-

173 970 242 1028 tem
257 964 427 1048 quamdam
443 985 482 1027 ex
496 963 653 1046 legalibus
674 963 961 1046 disceptationibus
984 985 1095 1047 capere
1120 964 1233 1028 viden-

174 1073 240 1130 tur.

219 1169 294 1232 255.
319 1169 355 1231 Si
369 1169 489 1232 oriatur
507 1189 603 1232 causa
625 1167 827 1251 disceptandi
844 1167 883 1232 dc
900 1189 935 1231 re
956 1189 1043 1232 mere
1062 1168 1234 1250 temporali

172 1272 496 1336 intersecerdotemet
506 1272 634 1347 laicum,
642 1272 788 1336 sacerdos
799 1273 856 1356 qni
864 1273 1022 1335 virtutum
1034 1272 1233 1356 evangelica-

172 1395 246 1437 rum
255 1373 416 1456 exemplar
424 1395 495 1436 csse
506 1373 762 1457 debetproponat
770 1379 809 1436 111
819 1395 871 1437 101
880 1374 1010 1437 arbitrio
1020 1373 1234 1456 prudentium

172 1478 313 1540 virorum
325 1477 523 1560 relinquatur
532 1477 722 1540 dirimenda.
747 1476 839 1552 Quod
850 1477 879 1539 si
887 1484 999 1559 agatur
1008 1477 1048 1541 de
1059 1480 1232 1542 contracti-

174 1578 247 1653 bus,
271 1578 396 1653 dcbitis,
419 1578 680 1654 haereditatibus,
706 1579 920 1654 testamentis,
945 1579 1082 1662 publicis
1105 1579 1232 1644 instru-

173 1681 294 1743 mentis
319 1685 377 1742 aut
404 1679 476 1741 aliis
501 1679 697 1762 hujusmodi,
724 1680 900 1763 inquibus
923 1681 1084 1743 sententia
1107 1677 1233 1760 judicis

173 1783 344 1847 saecularis
370 1790 419 1847 est
449 1784 481 1846 vi
506 1784 588 1866 legis
610 1783 759 1866 politicae
787 1784 966 1846 necessaria
995 1784 1035 1847 ad
1071 1785 1233 1849 efficacem

173 1908 287 1951 causae
325 1886 636 1963 determinationem,
669 1888 698 1949 si
728 1909 809 1971 quae
846 1889 927 1951 ratio
955 1888 1093 1951 inveniri
1122 1897 1234 1972 potest

171 1989 392 2074 quaestionem
406 1989 536 2072 pacifice
547 1989 770 2071 componendi,
780 2010 817 2052 ca
828 1989 1016 2052 adhibeatur
1027 1996 1065 2053 ut
1079 2012 1233 2055 recursus

172 2092 212 2155 ad
221 2091 362 2154 tribunal
371 2091 464 2154 civile
478 2091 679 2154 necessarius
694 2111 759 2153 non
775 2090 897 2154 evadat.

216 2194 291 2256 256.
316 2193 486 2256 Caeterum
501 2199 539 2256 ut
554 2193 638 2255 mala
653 2214 733 2276 quae
748 2192 883 2256 exhisce
893 2193 1007 2256 litibus
1018 2192 1103 2256 inter
1120 2192 1230 2254 Sacer·

171 2295 263 2360 dotes
278 2302 311 2359 et
325 2296 422 2359 laicos
436 2297 594 2371 oriuntur,
611 2302 768 2379 quantum
783 2296 852 2358 fieri
866 2302 984 2378 potest,
999 2300 1229 2383 impediantur,

171 2400 318 2464 sacerdos
340 2421 408 2462 rem
431 2400 589 2482 integram
606 2400 774 2463 Ordiuario
796 2399 928 2478 deferat,
953 2407 985 2464 01
1008 2405 1080 2488 ejus
1094 2406 1231 2469 oonsilio

172 2501 340 2583 dirigatur.

216 2606 290 2670 257.
317 2604 352 2665 Si
363 2604 447 2665 inter
464 2603 648 2666 Sacerdotes
664 2603 810 2668 derebus
825 2627 912 2670 mere
927 2609 1155 2692 temporalibus
1167 2611 1230 2673 ori·

172 2713 245 2770 atur
261 2705 404 2788 quaestio
415 2725 496 2787 quac
506 2706 656 2787 privatim
667 2709 814 2789 componi
823 2709 936 2790 possit,
949 2710 1029 2773 alter
1039 2711 1177 2775 alterum
1189 2710 1230 2774 ad

170 2807 345 2871 tribunalia
359 2806 439 2868 laica
452 2827 517 2868 non
533 2807 620 2882 citet,
638 2807 693 2869 sed
716 2829 767 2871 res
786 2808 946 2872 deferatur
966 2811 1006 2874 ad
1022 2813 1230 2876 Ordinarinm

170 2909 335 2984 dioecesis,
346 2914 379 2971 et
393 2907 497 2971 abillo
512 2908 562 2971 vel
574 2908 613 2970 ab
625 2908 752 2971 arbitris
763 2931 836 2973 cum
849 2913 919 2991 ejus
931 2933 1089 2978 consensu
1101 2915 1231 2978 selectis

170 3012 350 3075 dirimatur.
411 3009 504 3086 Quod
541 3011 570 3073 11
606 3016 720 3093 agatur
756 3011 796 3074 de
833 3015 1059 3091 contractibus,
1097 3015 1228 3092 debitis,

169 3112 433 3189 haereditatibus,
452 3113 664 3188 testamentis,
688 3113 825 3196 publicis
845 3115 1072 3179 instrumentis
1098 3124 1132 3181 01
1156 3119 1229 3182 11111

169 3216 367 3300 hujusmodi,
383 3215 509 3277 etiamsi
524 3236 604 3297 opus
620 3215 663 3277 sit
686 3217 846 3278 sententia
855 3216 975 3298 judicis
991 3217 1174 3294 saecularis,
1192 3227 1231 3282 ut

171 3341 268 3403 supra
290 3319 412 3381 dictum
435 3323 485 3380 est
507 3317 546 3380 dc
561 3338 656 3379 causa
672 3339 752 3400 quae
767 3328 910 3382 versetur
925 3321 1008 3382 inter
1025 3320 1229 3384 Sacerdotem

172 3430 205 3487 et
234 3424 363 3497 laicum,
390 3421 497 3484 omnis
524 3429 659 3484 conatus
674 3422 838 3486 faciendus
863 3430 913 3486 est
942 3431 980 3487 ut
1013 3445 1064 3487 res
1098 3426 1229 3508 pacifice

172 3535 389 3610 componatur,
407 3531 439 3587 et
454 3523 543 3586 nullo
558 3525 594 3586 in
610 3545 686 3586 casu
701 3527 846 3607 quaestio
867 3527 901 3589 in
917 3528 1070 3590 tribunali
1093 3529 1229 3612 suscipi·

171 3629 254 3692 enda
269 3635 318 3691 est
329 3628 393 3690 nisi
407 3627 507 3709 petita
522 3625 613 3708 prius
628 3626 667 3688 ab
684 3627 854 3692 Ordinatio
868 3628 1008 3692 lieentia.
