2572 4410
630 358 673 426 76

124 545 321 631 prohibitum
336 545 475 610 essehoc
486 563 605 608 munus
617 542 778 627 suscipere
789 563 846 626 pro
857 543 933 607 filiis
943 542 1176 608 haereticorum

124 650 164 715 ab
178 650 335 715 haeretico
345 650 492 713 ministro
506 645 718 730 baptizandis,
724 652 762 710 ut
772 652 902 732 apparet
909 667 949 710 ex
959 647 1175 714 instructione

126 752 387 837 congregationis
404 752 437 814 S.
454 750 515 814 off.
531 749 595 813 diei
611 750 652 813 10
666 748 756 827 Maii,
774 750 870 817 1770.

167 857 220 920 35.
244 854 365 917 Habita
386 852 509 916 ratione
530 854 662 915 naturae
683 851 765 914 ritus
780 851 1012 936 purificationis
1026 852 1173 918 mulieris

103 958 105 962 ’
123 963 196 1040 post
216 962 343 1040 partum
365 961 459 1039 atque
480 952 647 1018 verborum
669 953 704 1016 in
728 973 764 1017 eo
779 954 1172 1037 assumentium,·prorsus

122 1060 241 1124 absona
250 1081 285 1122 ac
294 1056 575 1123 abolendaridetur
583 1055 779 1120 consuetudo
790 1056 883 1120 illum
894 1062 982 1121 extra
991 1058 1172 1122 Ecclesiam

122 1161 172 1226 vel
186 1161 290 1224 locum
305 1161 362 1224 ubi
376 1180 501 1224 sacrum
515 1159 553 1222 fit
565 1157 759 1242 perficiendi,
775 1158 840 1222 nisi
860 1158 1036 1243 periculum
1058 1161 1173 1224 mortis

121 1264 288 1328 imminere
302 1264 454 1328 videatur.

164 1369 217 1432 36.
239 1367 290 1430 Ad
318 1366 589 1431 benedictionem·
603 1370 677 1448 post
706 1369 836 1447 partum
856 1364 913 1447 jus
940 1362 1173 1429 tantummodo

119 1468 239 1533 habent
252 1469 412 1542 mulieres,
429 1482 509 1551 qnae
524 1488 563 1531 ex
577 1467 720 1549 legitimo
742 1467 945 1532 matrimonio
958 1475 1168 1553 pepererunt.

122 1571 206 1651 (Sao.
225 1571 325 1655 Oong.
343 1570 465 1648 Concil,
483 1571 524 1633 18
539 1569 642 1646 Junii,
660 1567 770 1650 1859).

162 1677 216 1743 37.
239 1675 447 1738 Meminerint
461 1673 595 1736 Parochi
616 1673 744 1737 Rituale
759 1674 940 1738 Romanum
955 1679 988 1736 et
1001 1674 1170 1740 Ecclesiae

119 1777 382 1841 consuetudinem
403 1775 528 1858 exigere
553 1780 590 1838 ut
613 1796 695 1858 aqua
718 1776 753 1838 in
781 1775 948 1859 Baptismo
974 1760 1188 1857 adhibendas

117 1881 224 1945 infuso
239 1881 307 1946 oleo
323 1887 355 1944 et
371 1879 552 1944 Chrismate
565 1877 781 1957 benedicatur,
805 1880 855 1945 vel
879 1879 1016 1944 Sabbato
1034 1881 1168 1960 Sancte,

117 1984 168 2047 vel
198 1984 335 2047 Sabbato
364 1981 573 2059 Pentecostis,
604 1980 665 2058 vel,
697 1981 726 2046 si
755 1983 930 2046 necessitas
959 1984 1076 2066 exigat,
1103 1985 1168 2048 alio

116 2094 258 2171 tempore
287 2093 360 2150 ante
390 2086 550 2169 Baptismi
579 2084 900 2150 administrationem.
960 2087 1099 2152 Caveant
1128 2096 1170 2153 nt

117 2193 224 2253 omnia
254 2212 334 2274 quae
369 2190 409 2253 ad
437 2188 535 2275 hujus
567 2189 763 2253 Sacramenti
793 2189 1103 2255 administrationem
1130 2194 1167 2257 in

117 2296 240 2357 Rituali
253 2292 399 2358 Romano
414 2294 683 2377 praescribuntur,
700 2298 842 2357 accurate
858 2300 1032 2358 serventur.

159 2400 212 2460 38.
238 2398 272 2461 si
286 2399 358 2480 quis
375 2397 568 2461 acatholicus
580 2418 656 2462 suos
666 2397 806 2462 infantes
823 2398 985 2461 Sacerdoti
998 2400 1166 2469 Catholico

114 2498 321 2582 baptizandos
337 2498 456 2575 offerat,
473 2504 507 2561 et
521 2519 593 2580 spes
608 2499 691 2570 adsit
700 2520 755 2563 eos
771 2499 932 2564 Catholice
947 2521 1016 2566 esse
1027 2502 1165 2568 educan-

115 2600 183 2676 dos,
208 2601 338 2664 omnino
367 2595 579 2680 baptizentur,
617 2600 769 2665 adhibitis
806 2607 915 2665 tamen
950 2605 1077 2686 patrino
1113 2607 1164 2670 vel

114 2703 252 2769 matrina
267 2699 439 2763 Catholica.
482 2699 574 2776 Quod
589 2701 617 2765 si
627 2701 766 2766 infantes
777 2701 965 2786 hujusmodi
975 2705 1009 2768 in
1018 2709 1164 2789 proximo

114 2814 171 2871 aut
184 2805 339 2890 probabili
354 2805 467 2867 mortis
483 2805 549 2868 sint
563 2806 714 2889 periculo,
733 2808 928 2888 Sacerdotes,
946 2811 974 2875 si
989 2815 1112 2877 occasio
1129 2836 1163 2878 se

114 2913 274 2988 obtulerit,
291 2931 344 2974 eos
359 2910 519 2992 baptizare
534 2912 652 2995 absque
667 2913 734 2975 ulla
745 2912 944 2978 dubitatione
960 2915 1088 2981 debent.

159 3017 212 3080 39.
237 3013 447 3095 Baptizantnr
472 3012 531 3075 snb
554 3013 736 3077 conditione
759 3013 795 3077 hi
816 3016 872 3098 qui
894 3016 934 3079 ad
960 3017 1161 3100 Religionem

114 3115 309 3182 Catholicam
321 3114 355 3176 in
367 3119 476 3178 nostra
487 3115 616 3197 regione
628 3113 879 3193 convertuntur,1
892 3139 928 3181 eo
939 3118 1025 3202 quod
1036 3127 1162 3186 constet

111 3221 267 3305 plurimos
291 3239 363 3282 osse
386 3219 471 3282 inter
501 3219 721 3283 Protestantes
746 3222 801 3304 qui
830 3221 1035 3305 Baptismnm
1065 3228 1160 3292 nihili

111 3327 244 3402 faciunt,
261 3322 403 3405 aliosque
418 3342 488 3386 esse
503 3323 558 3405 qui
567 3323 647 3386 illud
661 3324 750 3387 hand
760 3331 882 3389 servata
891 3329 1017 3410 propria
1027 3333 1161 3394 materia

113 3433 169 3492 aut
182 3429 283 3490 forma
298 3424 534 3489 administrent.
580 3427 686 3488 Usum
708 3427 817 3510 itaque
838 3428 938 3491 istum
953 3431 1159 3497 retinendum

110 3552 181 3595 esse
195 3530 354 3602 volumus,
367 3528 431 3590 nisi
446 3528 540 3610 plane
556 3535 679 3592 constet
703 3552 741 3593 ex
767 3531 829 3593 fide
845 3530 952 3613 dignis
963 3534 1159 3603 testimoniis

110 3654 278 3718 personam
295 3631 333 3694 de
350 3651 412 3713 qua
428 3630 533 3712 agitur
546 3631 740 3713 baptizatam
755 3632 857 3696 valide
873 3634 981 3698 fnisse.

154 3737 208 3806 40.
230 3735 393 3817 Baptizari
419 3733 479 3798 sub
500 3734 680 3798 conditione
702 3735 849 3800 volumus
871 3738 1010 3803 infantes
1033 3745 1159 3826 exposi-

110 3844 161 3902 tos
187 3836 423 3920 aparentibus,
447 3841 542 3919 atque
564 3837 661 3900 etiam
695 3858 749 3901 eos
775 3839 829 3922 qui
859 3861 877 3902 a
899 3842 1079 3908 nutricibus
1102 3854 1160 3912 aut

110 3937 333 4005 obstetricibus
355 3939 389 4002 in
413 3936 561 4003 domibus
583 3939 718 4021 privatis
742 3939 844 4005 abluti
867 3949 954 4022 sunt,
976 3945 1040 4008 nisi
1067 3948 1160 4013 simi-
1186 3940 1187 3943 ¹

438 4068 518 4124 'Vide
528 4069 645 4136 Append
659 4069 691 4123 V.
701 4086 759 4136 pag.
770 4073 826 4122 223.
