2572 4410
617 334 681 401 11³

124 505 179 571 nbi
202 503 360 570 Catholici
382 506 585 584 erudiuntur,
601 507 768 572 ministros
782 510 1000 590 protestantes
1016 512 1072 569 aut
1096 504 1179 571 alios

123 607 335 673 heterodoxos
348 608 477 673 admitti
492 609 532 673 ad
545 604 661 693 pueros
677 608 868 686 catholicos,
886 608 936 671 vel
961 612 1177 691 protestantes

121 711 344 798 praesentibus
359 713 545 788 Catholicis,
557 714 592 777 in
606 713 702 778 rebus
716 713 757 777 ad
770 713 945 777 doctrinam
961 711 1177 778 Christianam

120 814 342 898 spectantibus
362 814 591 900 examinandos
605 816 656 879 vel
681 815 852 893 docendos,
870 820 926 878 aut
952 815 1110 898 ejusmodi
1120 817 1178 900 jus

119 919 184 983 sibi
215 917 386 995 vindicare,
415 920 518 983 atali
541 919 658 997 schola,
697 940 738 983 ne
774 919 925 1003 periculis
962 925 1173 1003 exponantur,

117 1024 271 1087 volumus
285 1028 323 1086 ut
336 1023 429 1106 pueri
441 1023 599 1088 Catholici
613 1025 830 1089 retrahantur.

162 1129 241 1191 210.
265 1127 411 1211 Denique
424 1127 459 1190 in
480 1134 549 1193 toto
571 1127 631 1193 hoe
654 1129 851 1192 educationis
869 1129 1007 1211 negotio,
1023 1127 1176 1211 parochos

112 1231 289 1296 hortamur
303 1236 341 1295 ut
359 1252 476 1316 magna
490 1253 563 1296 cnm
577 1233 748 1317 prudentia
762 1253 798 1296 ac
813 1233 881 1296 zelo
897 1253 931 1296 se
947 1239 1059 1316 gerant
1079 1239 1174 1318 atque

113 1341 157 1400 ut
175 1335 213 1398 in
228 1335 323 1399 rebus
346 1335 585 1414 difficilioribus,
603 1337 774 1401 consilium
790 1337 978 1421 saepissime
993 1357 1067 1401 cnm
1081 1337 1177 1422 Epis-

114 1459 202 1522 copo
216 1439 342 1522 proprio
356 1439 478 1503 ineant.

162 1542 242 1604 211.
265 1541 318 1604 Ex
338 1542 532 1626 praescripto
556 1542 691 1607 Consilii
706 1543 899 1620 Tridentini,
924 1549 957 1608 et
977 1544 1017 1608 ad
1031 1563 1177 1608 normam

116 1643 264 1707 Ritualis
279 1644 427 1721 Romani,
444 1646 618 1728 registrum
640 1651 771 1708 teneant
786 1645 916 1729 parochi
930 1645 1176 1728 baptizatorum,

116 1745 395 1823 confirmatorum,
410 1767 520 1809 eorum
551 1748 606 1830 qni
635 1744 840 1811 matrimonio
870 1745 1114 1830 conjunguntur
1143 1769 1179 1812 ac

115 1847 359 1913 defunctorum.
403 1849 553 1913 Habeant
565 1871 689 1934 quoque
698 1850 817 1915 librum
828 1859 929 1914 statua
945 1852 1127 1914 animorum
1143 1853 1177 1914 in

116 1971 189 2035 quo
201 1952 432 2035 consignentur
445 1952 586 2029 nomina,
600 1953 800 2036 cognomina,
814 1957 912 2029 aetas,
930 1953 1069 2016 conditio
1092 1953 1177 2018 inco·

116 2054 228 2117 larum
236 2055 399 2137 paroeciae
411 2061 443 2118 et
454 2061 577 2118 caetera
587 2075 667 2139 quae
679 2060 833 2120 notantur
844 2056 878 2117 in
887 2055 1009 2119 Rituali
1019 2055 1176 2119 Romano.

166 2157 242 2222 212.
267 2159 413 2241 Denique
425 2159 615 2223 mandamus
626 2165 664 2222 ut
678 2159 861 2222 Sacerdotes
874 2159 996 2242 aegroti
1007 2165 1177 2242 antequam

117 2261 296 2324 Extremae
319 2260 491 2323 Unctionis
518 2266 752 2324 sacramentum
790 2261 976 2344 suscipiant,
1011 2261 1175 2343 Pyxidem,

117 2361 287 2425 vasculum
302 2361 364 2424 olei
380 2363 493 2439 sancti,
506 2363 641 2445 registra
649 2363 821 2446 praedicta,
837 2368 958 2426 statuta
972 2363 1176 2446 provincialia

118 2464 173 2529 vel
213 2465 410 2541 dioecesana,
442 2471 475 2529 et
509 2466 618 2529 omnia
646 2467 863 2530 instrumenta
890 2487 987 2544 saera,
1020 2487 1099 2550 quae
1138 2466 1178 2530 ad

118 2567 303 2632 Ecclesiam
333 2570 504 2653 pertinent,
528 2570 653 2633 Vicario
682 2571 825 2635 Foraneo
857 2577 914 2635 ant
943 2573 997 2635 alii
1026 2572 1177 2656 prudenti

119 2670 306 2755 presbytero
322 2671 450 2734 tradant
465 2672 681 2735 custodienda.

165 2778 242 2841 213.
266 2775 424 2839 Jubemus
434 2782 471 2839 ut
482 2776 639 2860 parochus
654 2782 686 2839 et
700 2777 808 2840 vicarii
822 2777 939 2840 librum
955 2799 1169 2856 communem,

120 2879 204 2943 bene
219 2884 430 2960 compactum,
448 2885 481 2942 et
502 2879 588 2963 apud
601 2879 774 2962 parochum
789 2880 1003 2957 retinendum,
1020 2880 1169 2958 habeant,

120 2984 157 3046 in
173 3003 237 3065 quo
253 2982 373 3063 singuli
383 2987 527 3045 accurate
542 2982 717 3045 inscribant
731 2983 883 3065 pecunias
906 3003 924 3044 a
947 3003 981 3044 se
996 2988 1171 3065 perceptas,

121 3086 244 3150 notatis
267 3104 388 3161 mense,
413 3084 475 3162 die,
493 3090 526 3146 et
541 3085 705 3147 occasione
727 3085 898 3168 inquibus
920 3084 1177 3169 percipiebantur

122 3195 156 3253 et
183 3193 219 3251 ut
242 3188 379 3271 singulis
405 3188 613 3252 hebdomadis
635 3188 686 3252 vel
714 3187 828 3253 saltem
851 3188 1018 3251 mensibus
1042 3178 1173 3259 exactis,

122 3291 295 3377 partitione
332 3291 414 3353 faeta
446 3291 539 3373 juxta
577 3296 696 3354 statuta
733 3291 927 3364 dioecesana,
966 3291 1104 3354 rationes
1141 3290 1176 3353 in

122 3401 297 3461 memorato
320 3394 400 3458 libro
423 3395 658 3458 accuratissime
683 3400 883 3479 componant,
909 3415 1024 3478 easque
1046 3394 1175 3477 proprio

120 3497 330 3582 chirographo
346 3498 504 3562 muniant.
550 3498 707 3561 Volumus
719 3519 854 3582 qnoque,
868 3504 905 3561 ut
920 3496 1077 3580 ejusmodi
1087 3496 1175 3573 liber,

119 3603 281 3685 Episcopo
298 3601 548 3684 quotiescunque
570 3601 674 3664 visum
696 3601 792 3664 fuerit
815 3599 1023 3682 exhibendus,
1040 3598 1177 3663 fideliter

118 3706 330 3770 custodiatur.
377 3704 635 3788 Quandoounque
660 3706 796 3768 vicarius
821 3726 860 3768 ex
883 3725 948 3767 una
976 3704 1011 3766 in
1041 3702 1175 3767 alteram

89 3834 92 3839 ·
117 3809 304 3894 parochiam
332 3808 428 3872 fuerit
461 3807 649 3883 translatus,
681 3814 737 3871 aut
767 3805 1005 3891 quomodolibet
1035 3811 1174 3884 amotus,

117 3913 246 3977 nullum
266 3913 323 3996 jus
346 3910 462 3974 habeat
485 3910 679 3995 percipiendi
707 3911 866 3993 stipendia
891 3916 964 3994 post
988 3931 1084 3975 suum
1108 3910 1173 3974 dis·
