2572 4410
695 326 737 390 50

191 495 324 582 ceptatis
346 499 380 560 in
394 495 536 560 medium
549 496 709 580 prolatum
729 502 778 559 est
798 494 970 560 Decretum
992 515 1012 558 a
1034 495 1128 558 Sacra
1152 495 1239 559 Con-

191 602 371 686 gregatione
395 601 434 664 de
463 600 542 663 Fide
572 598 778 682 Propaganda
803 598 959 661 insertum
985 598 1070 661 inter
1098 597 1239 661 Decreta

193 704 315 787 Synodi
331 698 1095 785 ProvinciaIisCasseliensisanno1853habitae.
1142 701 1240 777 Quod

192 826 266 870 cum
295 807 413 870 lectum
442 811 525 868 esset
561 810 776 868 convenerunt
807 802 928 878 Patres,
957 804 1118 866 annuente
1148 803 1238 866 Erite

193 909 349 984 Praeside,
376 909 413 971 ut
442 908 613 971 Decretum
648 906 769 988 Synodi
807 904 971 968 Plenariae
1001 905 1235 968 Thurlesianae

191 1013 375 1085 retinentes,
392 1011 421 1073 ei
436 1010 607 1092 adjicerent
620 1009 681 1072 hoc
703 1009 875 1071 Decretum
890 1027 929 1070 ex
952 1007 1080 1091 Synodo
1104 1007 1237 1072 Provin-

192 1115 266 1178 ciali
281 1114 472 1178 Casseliensi
488 1119 678 1195 excerptum.

234 1215 317 1279 Dein
333 1217 464 1279 caeteris
485 1215 584 1297 hujus
603 1214 716 1295 capitis
740 1212 884 1277 articulis
905 1212 1042 1276 breviter
1065 1213 1234 1290 discussis,

192 1320 288 1401 atque
310 1317 348 1380 ab
378 1318 525 1381 omnibus
553 1313 706 1400 probatis,
736 1336 792 1399 per
818 1316 994 1379 orationem
1023 1314 1237 1400 congregatio

192 1420 336 1486 absoluta
351 1427 410 1484 est.
1022 1420 1024 1425 ’

258 1652 574 1717 CONGREGATIO
599 1653 790 1717 PRIVATA
813 1652 1170 1733 DEGIMAQUINTA.

455 1788 519 1850 Die
536 1789 576 1855 17
592 1789 790 1869 Septembris,
806 1789 906 1852 Faria
923 1789 981 1851 VI.

236 1933 325 1997 Hora
340 1931 460 1996 decima
474 1952 547 1995 cum
562 1917 692 1996 dimidio
701 1932 811 1997 habita
822 1933 872 1997 θεῖ
887 1931 1097 2015 Congregatio
1109 1931 1243 2020 Privata

194 2035 436 2119 decimaquinta.

237 2136 351 2200 Illffius
363 2143 394 2200 et
409 2137 549 2200 Revffius
564 2137 605 2199 D.
622 2137 801 2219 Episcopus
821 2134 1051 2200 Ardaoadensis
1066 2142 1099 2200 et
1119 2137 1238 2205 Cluan-

194 2241 290 2315 ensis,
324 2240 445 2322 Synodi
476 2237 678 2314 Secretarius‚
709 2240 891 2322 Epistulam
919 2239 1111 2321 pastoralem
1140 2261 1239 2323 quam

193 2342 321 2405 nomine
340 2342 458 2424 Synodi
479 2342 633 2405 edendam
653 2343 732 2425 ipse,
746 2343 840 2424 jussu
868 2341 1024 2405 Praesidis
1050 2342 1138 2418 Eoi,
1163 2362 1238 2406 con-

194 2441 319 2519 fecerat,
336 2444 370 2505 in
386 2445 526 2506 medium
541 2445 675 2525 protulit
690 2450 727 2506 ut
742 2465 778 2506 ea
797 2444 918 2525 judicio
947 2444 1078 2506 Petrum
1102 2444 1239 2527 subjice·

195 2551 291 2607 retur.
338 2544 439 2623 Quam
453 2546 625 2626 perlectam
642 2545 750 2608 Patres
773 2566 889 2627 magno
913 2567 986 2611 curu
1010 2546 1125 2629 plausu
1150 2568 1239 2610 exce·

194 2652 320 2729 parunt.
366 2646 568 2711 Conventum
583 2655 632 2710 θεῖ
648 2648 778 2710 Patrum
793 2648 1089 2724 animadversiones,
1106 2650 1134 2712 si
1157 2670 1241 2733 quae

195 2751 1240 2834 essentsupereaproferendae,inposterumdiemrep'ioiendcsesse.

239 2851 322 2914 Dein
344 2853 383 2914 ad
403 2853 559 2915 trutinam
584 2853 700 2915 iterum
726 2858 908 2915 revocatum
937 2859 986 2915 est
1009 2853 1172 2917 decretum
1198 2856 1239 2918 de

196 2954 369 3018 residentia
394 2955 592 3018 Vioariorum
623 2954 857 3030 Paroohorum;
882 2955 966 3038 quod
995 2976 1067 3018 cum
1092 2956 1241 3039 pluribus

133 3123 135 3128 ,
195 3057 292 3119 nimis
308 3057 479 3119 molestum
493 3059 651 3120 videretur
666 3057 865 3140 aliquatenus
880 3057 962 3121 illud
987 3057 1097 3121 Patres
1111 3059 1240 3142 mitiga·

195 3165 282 3222 runt.
327 3159 440 3222 Deleta
454 3165 504 3222 θεῖ
514 3159 656 3223 clausula
667 3180 729 3242 qua
743 3158 939 3241 prohibitum
951 3166 1069 3223 eratne
1081 3160 1239 3236 VicariuS,

195 3261 377 3324 inconsulto
404 3261 554 3337 Perocho,
580 3283 596 3325 e
619 3262 763 3344 paroecia
788 3262 886 3324 exiret
898 3283 906 3336 ;
931 3262 963 3325 θῖ
988 3262 1056 3325 loco
1083 3264 1158 3345 ejus.
1178 3263 1242 3326 alia

197 3361 367 3447 subrogata
383 3370 431 3426 est
446 3364 587 3427 clausula
612 3363 783 3447 prohibens
805 3385 856 3439 ne,
874 3364 943 3427 sine
958 3364 1089 3428 licentia
1105 3363 1240 3429 Perochi

196 3466 341 3530 Vioarius
357 3472 443 3529 extra
458 3467 587 3529 domum
603 3488 694 3530 suam
708 3472 914 3549 pernoctaret.

241 3569 367 3634 Prolato
386 3575 460 3651 post
485 3569 562 3631 haec
586 3569 745 3632 schemate
771 3568 809 3631 de
833 3568 1057 3644 Sacrameatia,
1075 3569 1180 3651 capita
1202 3571 1242 3634 de

197 3671 351 3738 Extremo
371 3672 524 3735 Unctioae
544 3677 576 3733 θῖ
595 3671 632 3733 de
652 3671 861 3733 Matrimonia
881 3677 1004 3734 mature
1028 3691 1184 3753 perpensa
1209 3680 1242 3751 et

94 3841 96 3845 ,
197 3774 231 3835 in
253 3772 399 3855 pluribus
430 3774 606 3850 emendata,
635 3772 764 3837 demum
788 3773 919 3855 probata
945 3774 1032 3836 sunt.
1078 3772 1241 3839 Ultimum

198 3873 368 3938 schematis
384 3875 563 3950 articulum,
580 3877 635 3960 qui
661 3877 727 3939 erat
748 3876 786 3938 de
810 3872 1044 3938 conditionibus
1068 3876 1107 3937 ad
1134 3879 1241 3959 acqui-

197 3976 331 4040 rendum
346 3978 541 4042 domicilium
557 3986 588 4043 et
602 3977 904 4062 quasi-domicilium
915 3978 1068 4041 inordina
1082 3978 1241 4043 admatri·
