2572 4410
637 285 678 351 71

119 469 247 554 populo
262 473 389 552 petatur
404 467 469 531 nisi
484 465 569 551 quod
588 467 629 531 ad
650 488 806 552 expensas
822 468 987 534 missionis
1002 474 1182 539 necessario

117 572 321 655 requiratur,
337 575 370 634 et
384 569 478 634 modo
488 569 528 632 ab
542 569 702 654 Episcopo
713 569 925 654 approbando.
971 571 1007 635 Si
1022 574 1098 655 quid
1109 595 1182 642 vero

117 675 283 772 pecuniae
297 694 393 756 super
406 693 564 756 expensas
585 674 783 738 necessarias
804 682 967 739 remaneat
977 676 1071 759 juxta
1085 680 1180 763 Epis·

119 799 200 862 ceps
191 777 368 860 judicium
383 781 433 839 est
447 775 683 859 applicandum.
797 827 801 835 .

169 883 227 954 20.
251 881 436 964 Optandurn
464 898 591 964 quoque
621 886 671 943 cst
699 887 737 945 ut
758 879 859 944 libelli
879 881 925 964 pii
947 885 980 947 ot
1002 882 1057 965 qui
1083 882 1180 949 fidem

117 983 325 1049 Catholicam
368 983 553 1059 defendunt,
599 984 873 1066 quamplurimum
916 983 1178 1052 disseminantur.

119 1086 305 1170 Rejioiendi
331 1091 440 1149 autem
466 1085 598 1148 omnino
624 1091 702 1149 sunt
726 1085 800 1148 libri
824 1085 977 1162 damuati,
1001 1091 1035 1151 et
1062 1088 1117 1170 qui
1138 1089 1180 1160 ad

121 1208 249 1253 encres
262 1185 521 1279 disseminandos
536 1185 706 1269 conscripti
722 1192 808 1250 sunt.
850 1186 915 1252 Hie
936 1208 1010 1252 soro
1031 1194 1176 1270 pastores

122 1314 299 1377 eorumque
325 1291 466 1355 Vicarios
495 1289 672 1354 monendos
702 1311 772 1353 esse
802 1289 993 1356 arbitramur
1022 1298 1178 1374 quantum

122 1397 381 1460 emolumentum
396 1415 436 1458 ex
450 1392 659 1457 Bibliothecis
681 1392 916 1476 parochialibus
931 1394 993 1460 rite
1008 1395 1175 1475 ordinatis,

118 1498 230 1562 tidelis
245 1497 383 1582 populus
398 1502 631 1579 consequatu13
650 1504 840 1579 quapropter
852 1495 1024 1569 casdemin
1040 1500 1177 1582 singulis

119 1599 519 1685 paroeciisinstituendas
540 1599 689 1665 volumus
701 1623 710 1677 ;
744 1605 779 1662 et
815 1599 872 1663 ubi
905 1601 974 1682 jam
1007 1602 1176 1676 institutas

119 1697 282 1768 habentur
295 1721 349 1765 eas
364 1702 453 1766 omni
467 1700 633 1784 diligentia
647 1700 799 1765 fovendas
813 1706 846 1765 et
859 1703 1088 1785 promovendas
1103 1705 1175 1771 hor·

118 1811 135 1868 t
233 1851 241 1867 .

136 1825 231 1968 albidi
244 1903 425 1968 Catholicos
439 1903 538 1967 laicos
552 1924 626 1966 cum
641 1902 826 1970 acatholicis
848 1903 1013 1969 hortamur
1026 1906 1066 1970 dc
1081 1908 1175 1975 rebus

117 2007 161 2071 ad
191 2006 379 2088 religionem
408 2005 644 2088 pertinentibus
672 2025 738 2069 non
775 2025 879 2087 agere.
939 2000 1095 2082 Vetamus
1131 2030 1173 2074 no

118 2115 258 2198 publice,
274 2113 394 2196 absquo
408 2110 562 2178 ordinarii
576 2112 715 2188 licentia,
738 2132 758 2175 a
779 2112 901 2194 quovis,
918 2112 984 2183 sive
1006 2113 1086 2178 laico
1109 2115 1175 2179 sive

118 2220 245 2296 clerico,
275 2238 350 2282 cum
379 2217 494 2281 iisdem
520 2216 753 2299 disputationes
781 2216 951 2281 ineantur:
989 2217 1106 2299 quippe
1135 2240 1174 2282 ex

116 2321 280 2406 ejusmodi
319 2318 617 2402 disceptationibus,
637 2319 691 2382 vix
727 2318 902 2401 quidquam
938 2317 1015 2382 boni
1050 2321 1174 2393 fruetus

116 2423 280 2506 expectari
294 2427 411 2506 potest,
428 2426 461 2484 et
475 2422 574 2484 ferme
590 2440 715 2502 semper
730 2419 842 2484 accidit
856 2425 893 2483 ut
916 2419 1099 2497 Christiana
1112 2445 1174 2506 par

115 2534 151 2590 et
167 2526 305 2591 charitas
320 2525 490 2589 violentur.

162 2633 216 2694 22.
239 2630 423 2694 Cavendum
435 2649 476 2692 ne
490 2629 515 2691 ii
528 2629 584 2711 qui
595 2627 794 2694 heterodoxis
806 2629 1013 2704 amnentur,
1025 2632 1172 2714 precibus

115 2735 304 2798 acatholicis
319 2756 338 2797 a
353 2734 421 2796 suis
443 2732 530 2795 heris
553 2738 609 2795 aut
631 2731 703 2796 aliis
725 2734 849 2795 recitari
873 2733 988 2810 solitis,
1005 2736 1168 2812 assistant,

116 2841 176 2899 aut
197 2836 260 2899 alia
281 2836 316 2898 in
337 2855 371 2897 re
394 2834 468 2896 fidei
491 2833 720 2897 detrimentum
741 2835 916 2916 patiantur.
961 2835 1034 2898 Nisi
1057 2837 1170 2901 famuli

115 2938 272 3022 praedicti
276 2935 599 3020 jusretineantlibere
608 2935 793 3017 religionem
801 2934 1169 3002 Catholicamexeroendi

116 3047 152 3105 et
166 3043 273 3104 omnia
286 3039 457 3123 peragendi
472 3059 551 3122 quae
567 3060 585 3101 a
601 3038 717 3101 Sancta
731 3038 874 3102 Ecclesia
899 3041 1167 3122 praescribuntur,

117 3147 285 3211 servitium
321 3145 487 3209 dimittt
416 3149 487 3207 tant
512 3143 596 3226 quod
621 3143 690 3206 sine
714 3143 854 3227 periculo
880 3148 935 3207 ant
959 3145 1169 3210 conscientiae

115 3251 256 3315 laesione
270 3250 407 3312 retinere
422 3269 486 3311 non
501 3253 648 3329 possunt.

161 3354 215 3417 23.
239 3349 378 3415 Videant
364 3350 545 3433 Etpiscopi
560 3369 601 3412 ne
616 3348 725 3412 nautis
739 3355 794 3412 aut
809 3350 893 3413 milit
894 3350 966 3413 ibus
983 3302 1165 3430 Catholicis,

117 3457 194 3540 quid
207 3454 465 3538 impedimenti
455 3474 490 3516 ιιι
513 3452 676 3534 religionis
699 3453 810 3517 officiis
824 3453 1018 3536 exequendis
1030 3459 1127 3535 ponet
1128 3475 1166 3517 ur

111 3565 148 3624 ct
162 3559 257 3642 plene
271 3557 327 3621 illa
341 3555 511 3625 libertate
501 3576 536 3618 m
551 3555 647 3628 rebus
661 3554 825 3637 religionis
840 3556 946 3618 fruant
932 3560 986 3618 tur
1001 3575 1095 3638 quam
1110 3576 1164 3620 su-

115 3687 224 3750 prema
239 3665 417 3729 authoritas
439 3663 505 3727 illis
527 3661 680 3732 coneedit.
737 3661 820 3725 (lum
842 3661 928 3724 enim
943 3661 967 3723 ii
981 3662 1083 3744 parati
1099 3664 1166 3725 sint

114 3773 214 3835 sitam
241 3776 274 3834 et
300 3769 490 3851 sanguinem
515 3788 572 3849 pro
598 3766 758 3848 republica
782 3764 900 3828 tuenda
914 3765 1114 3848 profundere,
1130 3767 1165 3833 id

115 3880 200 3948 certe
214 3873 296 3956 ipsis
311 3868 601 3951 dsbeturutlibere
613 3869 680 3931 Deo
691 3869 785 3951 juxta
796 3868 896 3932 avitae
905 3867 980 3933 fidei
994 3866 1165 3932 dictamina
