2572 4410
603 289 670 353 280

379 605 701 693 APPENDIX
748 605 895 692 XIII.

475 754 539 824 [aa
546 769 609 823 paq.
623 753 683 819 101,
694 769 719 805 a.
733 754 807 825 143]

229 1186 290 1252 DE
317 1184 708 1253 SOLEMNITATIBUS
732 1185 1055 1255 SYNODALIBUS.

157 1325 241 1392 Cum
267 1324 508 1409 Archiepisccpi
531 1332 564 1389 et
589 1323 745 1409 Episcopi
767 1326 943 1390 Hiberniae
968 1325 1006 1390 in
1028 1325 1166 1392 concilio

113 1427 260 1494 Plenario
281 1428 492 1510 Maynutiano
518 1426 714 1511 congregati,
744 1447 783 1491 eo
810 1429 928 1502 animo,
956 1435 995 1492 ut
1018 1431 1167 1512 Synodos

114 1534 180 1597 sive
196 1533 415 1594 Dioecesanas
426 1532 492 1594 sive
504 1529 721 1594 Provinciales
734 1532 829 1595 statis
840 1529 1051 1614 temporibus,
1060 1541 1099 1598 nt
1109 1554 1167 1617 par

114 1641 175 1712 est,
192 1635 228 1696 in
243 1640 411 1716 posterum
421 1633 584 1697 celebrare
593 1631 731 1696 faciliori
746 1633 842 1696 modo
857 1635 1021 1716 possinta
1035 1634 1071 1701 S.
1083 1634 1166 1702 Sede

113 1734 254 1801 demisse
268 1733 497 1818 flagitaverint,
515 1743 553 1800 ut
575 1737 655 1819 ipsis
679 1735 809 1799 eosdem
832 1743 1011 1800 conventus
1034 1740 1166 1804 omissis

112 1839 282 1905 nonnullis
304 1858 344 1901 cx
369 1838 487 1903 debitis
510 1835 771 1902 solemnitatibus
794 1839 878 1901 inire
898 1837 1012 1916 liceat3
1044 1839 1166 1906 samus

113 1942 278 2006 Dominus
303 1943 422 2005 Noster
438 1939 521 2004 Pius
536 1939 657 2004 Divina
673 1938 879 2005 Providentia
894 1940 958 2005 ΡΡ.
974 1943 1047 2018 ΙΧ.,
1069 1945 1165 2008 refer·

114 2048 190 2110 ente
206 2066 258 2109 mc
272 2042 476 2128 infrascripto
493 2044 605 2107 Sacrae
617 2044 888 2126 congregationis
897 2044 937 2107 de
952 2046 1168 2129 Propaganda

115 2148 195 2210 Fide
207 2143 465 2210 Pro-Secretario
476 2143 510 2209 in
520 2144 864 2228 audientiabAugusti
874 2167 899 2208 c.
907 2166 961 2210 an.
973 2146 1168 2229 praehabita

115 2251 278 2313 sententia
302 2251 462 2311 Effrorum
478 2248 541 2311 ΡΡ.
563 2236 710 2330 ejusdem
732 2249 761 2310 S.
779 2248 925 2325 Consilii,
942 2269 980 2312 ac
999 2253 1167 2334 perpensis

113 2350 328 2434 peculiaribus
357 2348 584 2414 Ecclesiarum
613 2351 649 2412 in
678 2356 855 2413 memorato
886 2352 998 2432 Regno
1029 2354 1167 2417 circum·

116 2451 259 2527 stanoiis,
284 2455 419 2534 petitam
445 2452 633 2516 facultatem
659 2453 699 2515 ad
720 2450 914 2515 decennium
940 2453 1080 2537 benigne
1106 2457 1167 2519 im·

114 2553 229 2638 partiri
246 2554 478 2636 dignatusest,
495 2553 545 2619 ita
558 2557 669 2618 tamon
692 2560 730 2618 ut
751 2552 950 2618 Pontificalis
966 2556 1117 2632 Romani,
1132 2580 1166 2622 ac

117 2656 367 2720 Caeremonialis
383 2660 618 2741 Episcoporum
633 2659 899 2741 praescriptiones
915 2657 1033 2722 saltem
1045 2659 1079 2722 iu
1092 2661 1166 2725 sub-

116 2755 325 2822 stantialibus
341 2768 518 2823 serventur.

162 2858 340 2925 Contrariis
356 2862 609 2944 quibuscumque
626 2859 714 2923 haud
729 2860 942 2924 obstantibus.

158 2965 282 3027 Datum
292 2963 413 3026 Romae
429 2985 468 3026 ex
481 2963 563 3027 Aed.
578 2965 608 3026 S.
622 2962 888 3046 congregationis
899 2965 939 3026 de
955 2963 1170 3049 Propaganda

115 3069 194 3131 Fide
210 3065 262 3129 die
279 3068 311 3128 1²
325 3065 523 3149 Septembris
540 3067 635 3133 1876.

498 3268 700 3331 Aanmsnua
716 3266 816 3333 Caso.
831 3268 991 3346 Famem,
1007 3270 1121 3352 Prccf.

506 3401 538 3464 J.
553 3399 593 3464 Β.
609 3400 767 3480 Aeneam,
783 3403 824 3467 P.
840 3401 958 3466 Secret.

161 3538 232 3584 noc.
244 3528 275 3590 ᾖ
287 3538 350 3585 s1e.
