2572 4410
161 770 381 856 EPISTOLA
406 752 503 852 niu
529 774 596 850 ur
623 753 720 851 ndi
746 773 896 871 cuno,
925 754 1182 875 ansuino,

278 998 459 1048 ammom
482 997 507 1044 S.
531 996 625 1043 OONG·
649 997 694 1042 mr
717 997 925 1043 psoensium
946 999 1035 1059 rma,

150 1172 194 1247 to
214 1161 350 1250 adon
381 1184 442 1248 nr
466 1159 604 1248 adon
623 1180 812 1249 rinnon
832 1182 959 1249 oran.
986 1181 1180 1250 oonnnu.

119 1566 203 1654 Eira
217 1611 261 1656 nr
276 1591 354 1655 Bm
370 1588 505 1655 Douma
521 1589 572 1653 M1
589 1558 703 1654 vOuiae.

169 1725 256 1792 Hom
271 1728 413 1792 insertas
429 1727 505 1791 folio
520 1727 615 1790 mitto
631 1726 671 1790 ad
686 1723 912 1790 Eminentiam
928 1725 1034 1791 Tuam
1048 1727 1179 1793 Literas

121 1827 326 1913 Apostolicas
358 1831 393 1893 in
425 1830 527 1893 forma
558 1829 684 1906 Brevis,
713 1829 830 1912 quibus
865 1829 986 1895 SSffrus
1016 1829 1179 1895 Dominus

122 1921 241 1998 Noster
257 1932 337 1998 Pius
361 1931 425 1998 ΡΡ.
438 1931 498 1996 ΙΧ.
514 1952 647 1996 munere
663 1938 695 1996 tc
715 1938 811 2017 auget
825 1932 975 2018 Delegati
989 1933 1178 2017 Apostolici‚

127 2041 243 2100 utcum
259 2036 411 2100 omnibus
433 2034 638 2099 facultatibus
662 2035 852 2099 necessariis
874 2042 969 2119 atque
992 2036 1180 2119 opportunis

126 2158 266 2220 praeesse
296 2138 402 2203 valeas
425 2137 553 2221 Synodo
583 2135 747 2202 Plenariae
767 2158 864 2220 quam
888 2139 1055 2202 Sacrorum
1070 2139 1179 2203 Antis·

119 2241 195 2320 titos
210 2242 311 2306 istius
330 2240 435 2324 Regni
446 2241 568 2323 optimo
580 2240 712 2304 consilio
727 2238 918 2304 celebraturi
941 2246 1027 2316 sunt,
1052 2240 1092 2303 ad
1115 2262 1179 2305 ser·

123 2343 257 2407 vandam
280 2344 362 2408 inibi
383 2342 481 2407 fidem
505 2340 703 2406 catholicam
733 2349 828 2425 atque
851 2341 893 2407 ad
915 2342 1051 2407 tuendos
1074 2364 1179 2409 mores

121 2445 264 2510 fidelium
301 2447 337 2509 in
359 2464 476 2529 magno
500 2445 684 2510 discrimine
707 2446 747 2510 ob
768 2451 950 2528 temporum
981 2446 1178 2512 calamitates

120 2550 325 2613 constitutos.
363 2548 455 2612 Addo
477 2554 510 2612 et
531 2549 610 2612 alias
632 2547 832 2630 Apostolicas
855 2549 982 2612 Literas
1005 2549 1045 2612 ad
1067 2571 1177 2614 omnes

119 2651 296 2716 Hiberniae
314 2651 491 2735 Episcopos
514 2651 615 2727 datas,
640 2672 720 2734 quas
743 2651 786 2714 ad
808 2651 893 2714 idem
915 2652 1080 2734 negotium
1103 2672 1179 2716 sane

118 2755 347 2840 gravissimum
363 2755 554 2818 referuntur.

161 2857 210 2920 Ut
224 2876 300 2920 vero
315 2857 519 2927 Eminentiae
547 2857 634 2920 Tuae
654 2877 753 2940 aeque
768 2877 804 2920 ac
818 2855 957 2919 laudatis
974 2854 1179 2922 Praesulibus

117 2979 212 3024 mens
242 2959 336 3022 SSr'iri
364 2960 496 3023 Domini
518 2981 577 3024 nec
606 2981 670 3023 non
695 2960 782 3022 Sacri
804 2960 902 3042 hujus
924 2959 1059 3022 Concilii
1080 2959 1177 3043 plane

116 3059 311 3138 innotescat,
335 3062 477 3125 circaea
500 3081 581 3147 quae
611 3063 646 3125 in
670 3062 796 3145 Synodo
817 3063 1051 3144 Episcoporum
1074 3064 1176 3127 atten-

115 3166 240 3230 tionem
264 3164 326 3229 sibi
358 3186 434 3248 prae
467 3166 581 3229 ceteris
621 3165 783 3228 vindicare
817 3162 987 3242 debebunt,
1023 3165 1177 3249 quaedam

116 3266 289 3351 subjiciam
318 3289 375 3351 por
396 3269 617 3332 Eminentiam
632 3267 734 3332 Tuam
758 3268 894 3333 Ooncilii
918 3267 1068 3333 Patribus
1091 3289 1176 3334 com·

114 3370 321 3434 municanda.

160 3471 208 3536 Ac
222 3473 328 3555 primo
350 3471 480 3556 quidem
505 3474 674 3538 Sacrorum
696 3472 908 3539 Antistitibus
930 3495 1004 3558 prae
1027 3475 1177 3541 omnibus

115 3575 205 3640 cordi
228 3577 289 3639 erit
311 3576 466 3660 quidquid
488 3578 529 3641 ad
552 3577 751 3643 catholicam
777 3578 995 3642 educationem
1017 3579 1176 3660 pertinere

113 3679 308 3756 censuerint,
333 3699 406 3742 cum
428 3680 463 3742 in
483 3681 708 3764 praesentibus
738 3702 845 3745 rerum
872 3680 1031 3764 adjunctis
1060 3680 1174 3764 hujus·

113 3780 204 3846 modi
226 3782 393 3866 negotium
414 3785 587 3848 maximam
601 3786 835 3868 Episcoporum
857 3805 966 3848 curam
982 3783 1174 3865 expostulet.

112 3883 250 3969 Oportet
271 3885 372 3969 igitur
393 3891 430 3951 ut
447 3886 593 3970 Synodus
615 3888 654 3952 de
678 3886 805 3952 Scholia
826 3884 1063 3970 parochialibus
1088 3892 1173 3970 agat,
