2572 4410
394 708 438 754 DE
460 707 612 752 nncmvls
635 707 901 753 consentaneis.

160 827 237 891 266.
256 827 339 890 Cum
351 825 570 890 Ecclesiarum
581 826 864 889 utilitati-maxime
876 825 1017 888 conferat
1032 829 1173 890 veterum

119 930 408 1000 instrumentorum
431 928 586 1005 custodia,
602 928 802 1012 plurimaque
818 949 929 991 eorum
943 929 981 991 in
993 927 1054 991 hoc
1076 949 1174 1010 regno

64 1028 66 1063 Ι
121 1034 223 1098 dolere
246 1033 420 1097 debeamus
435 1033 519 1095 malo
542 1033 671 1115 quidem
687 1033 753 1094 fato
776 1032 938 1115 deperdita
953 1052 1023 1094 esse
1035 1053 1044 1107 ;
1068 1031 1173 1094 decer·

121 1137 228 1200 nimus
243 1138 330 1200 utin
344 1142 510 1220 posterum
521 1135 626 1199 media
637 1135 847 1199 adhibeantur
857 1135 977 1218 quibus
986 1141 1078 1199 tanto
1089 1135 1174 1198 malo

121 1241 275 1305 obvietur.
970 1313 975 1323 Ι

158 1345 234 1410 267.
257 1342 449 1427 Episcopale
476 1343 582 1426 itaque
613 1341 800 1418 Archivum,
824 1341 859 1404 11
889 1340 958 1405 1111
984 1363 1051 1425 quo
1070 1343 1175 1425 possit

118 1449 229 1512 tutiori
242 1448 340 1511 simul
355 1454 387 1511 16
403 1447 619 1523 commodiori,
636 1446 790 1529 Episcopi
813 1444 971 1509 stabiliter
985 1447 1020 1510 in
1037 1447 1177 1530 singulis

119 1551 184 1613 suis
197 1549 398 1613 dioecesibus
410 1549 535 1631 erigant
545 1554 578 1611 et
592 1549 802 1611 constituant.
848 1547 888 1609 In
898 1547 954 1610 illo
964 1548 1175 1612 omniadocu·

64 1716 66 1725 ,
117 1656 227 1714 menta
242 1671 323 1733 quae
338 1650 379 1712 ad
393 1671 470 1713 suae
492 1650 647 1713 dioecesis
662 1648 829 1732 originem¹
841 1654 874 1711 16
895 1648 1065 1712 historiam
1087 1671 1174 1733 spec-

87 1795 89 1800 ·
115 1759 208 1830 tent;
233 1773 272 1815 ea
286 1773 412 1836 quoque
427 1773 507 1835 quae
530 1751 570 1814 ad
585 1751 840 1834 dispensationes
855 1751 1118 1828 matrimoniales,
1142 1758 1176 1815 et

115 1855 377 1938 presbyterorum
405 1853 623 1917 ordinationes
648 1853 851 1936 pertineant3
883 1874 964 1936 quae
987 1853 1027 1916 ad
1050 1860 1174 1917 contro·

113 1959 236 2022 versiae
252 1963 285 2020 et
303 1957 425 2041 judicia
440 1958 637 2034 referantur;
662 1977 742 2039 quae
758 1957 798 2019 ad
819 1956 1047 2019 beneficiorum
1070 1959 1175 2040 provi·

114 2061 235 2136 aiones,
268 2059 485 2142 paroeciarum
514 2058 652 2121 uniones
682 2064 715 2121 16
737 2057 930 2135 6111111111;
954 2057 1121 2140 privilegia
1143 2065 1177 2121 et

113 2161 348 2244 indulgentias,
374 2181 454 2243 quae
485 2159 622 2222 dioecesi
648 2160 722 2243 ipsi,
746 2159 909 2222 Ecclesiae
925 2158 1111 2221 Cathedrali
1125 2160 1177 2223 111

113 2263 293 2348 parochiali
308 2283 477 2326 concessae
499 2263 620 2325 fuerint
632 2284 641 2338 3
666 2282 809 2345 quaeque
824 2281 1012 2343 quocunque
1026 2260 1175 2324 modoad

115 2373 238 2430 rectam
253 2365 410 2429 dioecesis
426 2365 739 2427 administrationem
763 2365 954 2448 pertineant,
973 2365 1104 2428 omnino
1126 2387 1173 2429 re·

108 2476 291 2554 ponantur.
1014 2539 1016 2543 ,

161 2573 239 2635 268.
262 2572 313 2634 Ne
328 2592 400 2634 vero
416 2576 639 2654 postmortem
660 2571 813 2655 Episcopi
828 2571 966 2635 Archiva
981 2571 1174 2655 dispereant,

116 2677 277 2758 cumipse
293 2696 327 2738 se
343 2697 381 2737 ex
395 2674 455 2738 hac
470 2675 535 2736 vita
550 2675 688 2756 migrare
710 2675 916 2756 perspexerit,
934 2695 1044 2738 aarum
1067 2696 1176 2739 curam

116 2780 243 2844 duobus
260 2779 478 2842 sacerdotibus
493 2781 684 2856 committat,
698 2780 754 2862 qui
770 2781 804 2842 in
815 2781 884 2862 ejus
896 2787 1090 2845 testamento
1100 2787 1177 2845 sunt

116 2884 318 2960 nominandi,
336 2885 454 2967 quique
469 2885 539 2966 ipsa
554 2884 680 2947 archita
701 2884 855 2967 Episcopi
870 2885 1029 2951 demortui
1052 2909 1177 2951 succes·

116 2986 183 3049 sori
200 2985 338 3048 fideliter
353 2986 599 3068 consignabunt.

163 3087 239 3151 269.
265 3086 359 3162 Quod
379 3087 407 3151 si
425 3087 497 3170 quis
520 3087 721 3164 documenta,
743 3089 878 3171 quaein
901 3089 1027 3154 archivo
1052 3111 1177 3153 conser-

116 3196 245 3266 vantur,
269 3189 443 3267 violaverit,
469 3190 675 3267 subtraxerit,
700 3197 756 3254 aut
780 3194 1004 3275 suppresserit,
1023 3193 1113 3256 omni
1135 3194 1178 3255 sit

116 3294 287 3377 dignitate,
300 3294 402 3357 officio
415 3300 447 3356 et
457 3294 610 3357 beneficio
619 3296 775 3377 privatus,
790 3302 822 3358 et
836 3296 877 3360 ad
888 3298 997 3360 futura
1006 3295 1179 3360 obtinenda

116 3402 273 3466 inhabilis
296 3423 333 3465 eo
355 3403 437 3485 ipso,
462 3402 545 3466 sicut
579 3408 739 3465 statutum
769 3402 887 3486 legitur
920 3404 953 3467 in
977 3404 1057 3467 actis
1080 3401 1176 3468 Gonc.

116 3504 213 3568 Rom.
231 3525 283 3567 an.
302 3505 397 3580 1725,
416 3502 475 3567 sub
491 3504 664 3567 Benedicto
680 3503 776 3566 XIII.
791 3527 800 3582 ;
826 3507 854 3568 si
868 3526 942 3571 1111
957 3506 1057 3570 laicus
1069 3505 1176 3580 fuerit,

117 3607 481 3672 excommunicationem
497 3608 567 3692 ipso
583 3609 665 3672 facto
681 3608 834 3673 incurrat.
