2572 4410
682 368 747 435 254

185 547 384 613 cernentium
409 566 466 632 per
488 545 670 611 Romanum
689 543 890 622 Pontificem,
910 544 960 610 vel
982 546 1016 610 S.
1036 545 1078 610 R.
1093 546 1136 611 E.
1150 547 1238 614 Vlce‘

185 647 399 716 Cancellarios
429 670 486 713 seu
516 647 672 715 Gerentes
700 649 785 713 vices
808 667 919 713 eorum
940 655 998 713 aut
1022 649 1062 714 de
1090 650 1231 715 mandato

183 752 342 838 Ejusdem
366 751 503 817 Romani
531 750 699 816 Pontificis
727 752 947 835 signatarum:
978 772 1038 816 nec
1066 773 1134 816 non
1163 753 1228 817 falso

182 854 383 940 publicantes
397 856 539 918 Litteras
553 853 764 939 Apostolicas,
781 855 879 918 etiam
893 856 929 918 in
944 854 1047 919 forma
1061 853 1184 934 Brevis,
1204 861 1232 920 et

182 959 281 1023 etiam
310 958 391 1022 falso
415 959 580 1041 signantes
610 958 858 1041 supplicationes
887 955 1077 1042 hujusmodi
1104 956 1165 1023 sub
1185 980 1233 1023 no·

181 1063 270 1127 mine
284 1063 421 1126 Romani
435 1061 611 1141 Pontificio,
628 1082 685 1125 seu
707 1043 990 1128 Vico-Cancellarii
1012 1066 1070 1126 aut
1092 1058 1237 1128 Gerontis

181 1167 267 1232 dces
281 1165 527 1250 praedictorum.

227 1272 280 1334 10.
303 1268 514 1334 Absolventes
542 1269 729 1354 complicem
758 1270 793 1332 in
822 1269 951 1353 peccato
973 1269 1061 1353 turpi
1086 1270 1187 1334 etiam
1207 1270 1241 1334 in

181 1374 295 1438 mortis
315 1373 460 1448 articulo,
477 1373 506 1436 si
522 1372 605 1436 alius
629 1373 781 1437 Sacerdos
806 1373 882 1437 licet
900 1394 965 1437 non
986 1372 1182 1457 adprobatus
1203 1373 1242 1438 ad

180 1477 405 1552 confessiones,
423 1477 492 1539 sine
519 1477 606 1560 gravi
633 1476 741 1561 aliqua
755 1477 915 1541 exoritura
939 1477 1074 1541 infamia
1097 1484 1131 1542 et
1153 1498 1241 1542 scan-

180 1578 262 1656 dalo,
279 1581 382 1664 possit
396 1580 541 1663 excipere
555 1581 724 1644 morientis
739 1580 982 1644 confessionem.

226 1685 279 1746 11.
303 1681 507 1767 Usurpantes
522 1689 579 1746 aut
597 1689 832 1768 sequestrantes
851 1684 1125 1768 jurisdictionem,
1146 1682 1240 1761 bona,

180 1787 325 1850 redditus
341 1787 381 1850 ad
394 1807 546 1871 personas
561 1788 790 1851 ecclesiasticas
811 1789 935 1852 ratione
950 1808 1082 1853 sumum
1101 1787 1241 1853 Ecclesi-

180 1912 272 1956 arum
287 1897 343 1954 aut
356 1888 584 1954 beneficiorum
595 1891 804 1974 pertinentes.

224 1996 277 2058 12.
300 1993 505 2070 Invadentes,
528 1994 740 2072 destruentes,
763 1994 944 2058 detinentes
966 2015 1022 2078 per
1050 2015 1084 2059 se
1114 1994 1166 2060 vel
1187 2017 1242 2080 per

179 2097 259 2162 alios
274 2095 439 2174 Civitates,
454 2098 578 2173 Terras,
589 2096 658 2175 loca
673 2103 729 2161 aut
739 2099 813 2182 jura
824 2095 1054 2161 adEcclesiam
1063 2098 1240 2162 Romanam

178 2202 391 2285 pertinentia;
420 2199 470 2265 vel
496 2206 703 2284 usurpantes,
729 2199 963 2285 perturbantes,
989 2201 1167 2266 retinentes
1191 2224 1238 2266 su·

178 2326 321 2388 premam
340 2304 596 2387 jurisdictionem
614 2305 649 2367 in
664 2306 712 2368 cis
724 2327 733 2381 ;
760 2325 819 2368 nec
843 2326 907 2368 non
933 2304 973 2367 ad
997 2305 1127 2389 singula
1148 2325 1237 2391 prae·

178 2408 264 2473 diota
279 2409 446 2483 auxilium,
464 2409 646 2485 consilium,
663 2409 801 2472 favorem
816 2407 1014 2492 praebentes.

222 2513 252 2574 A
267 2511 384 2595 quibus
406 2510 556 2575 omnibus
579 2510 962 2576 excommunicationibus
983 2511 1048 2575 huc
1064 2532 1171 2597 usque
1193 2534 1236 2576 re-

178 2616 309 2678 censitis
336 2614 566 2679 absolutionem
593 2617 736 2681 Romano
761 2615 910 2680 Pontifici
929 2637 987 2700 pro
1002 2616 1147 2699 tempore
1171 2637 1236 2700 spe·

177 2717 252 2782 ciali
267 2718 361 2782 modo
375 2725 566 2782 reservatam
587 2741 656 2783 esse
679 2726 712 2783 et
732 2720 905 2797 reservari3
929 2720 962 2782 et
984 2741 1041 2804 pro
1056 2741 1094 2783 ea
1109 2741 1236 2804 genera·

176 2819 242 2884 lem
258 2822 492 2885 concessionem
508 2820 692 2886 absolvendi
708 2845 726 2886 a
741 2821 868 2886 casibus
883 2827 917 2886 et
930 2823 1085 2899 censuris,
1104 2824 1173 2888 sive
1188 2843 1236 2886 ex·

177 2924 518 2988 communicationibus
533 2926 677 2990 Romano
692 2927 841 2990 Pontifici
857 2926 1027 2989 reservatis
1041 2925 1132 2990 nullo
1147 2931 1237 3010 pacto

177 3027 319 3091 sufficere
334 3028 544 3106 declaramus,
561 3031 714 3094 revocatis
734 3031 865 3114 insuper
888 3030 1073 3094 earumdem
1091 3036 1237 3114 respectu

177 3129 432 3215 quibuscumque
452 3132 589 3195 indultis
605 3134 767 3197 concessis
790 3132 851 3197 sub
867 3134 979 3218 quavis
1002 3134 1105 3197 forma
1119 3139 1154 3197 et
1169 3133 1236 3218 qui-

175 3235 286 3300 busvis
309 3237 453 3319 personis
477 3237 574 3299 etiam
600 3236 813 3321 Regularibus
837 3239 1067 3321 cujuscumque
1093 3237 1236 3313 Ordinis,

176 3339 449 3423 Congregationis,
468 3339 637 3403 Societatis
652 3346 684 3404 et
706 3341 867 3417 Instituti,
885 3341 984 3403 etiam
1000 3339 1132 3424 speciali
1148 3361 1236 3404 men·

175 3443 263 3506 tione
279 3443 387 3527 dignis
403 3448 436 3506 et
450 3443 485 3505 in
503 3444 615 3528 quavis
638 3444 794 3528 dignitate
817 3445 1012 3508 constitutis.
1059 3442 1237 3508 Absolverc

175 3551 284 3609 autem
309 3550 550 3629 praesumentes
574 3548 645 3610 sine
676 3547 783 3611 debita
806 3547 968 3624 facultate,
996 3547 1095 3610 etiam
1123 3547 1238 3631 quovis

174 3654 353 3731 praetextu,
379 3650 717 3714 excommunicationis
759 3649 886 3714 vinculo
912 3650 1058 3715 Romano
1083 3647 1237 3713 Pontifici

174 3758 352 3815 reservatae
380 3753 548 3817 innodatos
575 3774 609 3817 se
630 3754 744 3830 sciant,
771 3753 946 3818 dummodo
967 3774 1032 3817 non
1056 3758 1171 3836 agatur
1196 3752 1238 3816 de

114 3934 116 3940 .
173 3856 287 3919 mortis
303 3855 447 3933 articulo,
464 3856 499 3919 in
514 3878 576 3941 quo
587 3862 696 3921 tamen
711 3858 803 3920 firma
819 3857 863 3920 sit
877 3854 981 3941 quoad
996 3855 1159 3920 absolutos
1181 3853 1237 3920 ob·

173 3953 285 4038 ligatio
300 3955 407 4019 standi
422 3955 584 4021 mandatis
598 3956 774 4035 Ecclesiae,
791 3956 821 4021 si
835 3953 1064 4021 convaluerint.
