2572 4410
571 358 633 421 121

60 529 132 607 illa,
149 550 230 614 quae
246 530 342 594 robur
364 530 529 594 Ecclesiae
545 535 605 608 est,
622 529 770 607 violetur,
787 536 820 594 et
839 550 880 594 ne
899 532 979 595 rixis
999 538 1031 597 et
1047 553 1120 597 con·

60 632 266 700 tentionibus
280 653 354 696 cum
369 633 442 695 aliis
453 632 670 715 implicentur.

107 735 185 798 252.
209 736 299 799 Haec
327 756 401 799 vero
424 736 501 799 dum
532 736 710 799 statuimus
731 734 909 819 Religionis
939 736 1060 801 bonum
1089 746 1124 804 et

61 824 227 902 Ecclesiae
241 837 421 901 libertatem
437 839 561 920 exigere
576 847 739 920 putemne,
758 844 794 901 ut
810 839 1064 923 quotiescunque
1080 841 1119 904 de

61 942 266 1006 curatoribus
290 964 478 1026 pauperum,
496 948 529 1006 et
548 943 755 1005 Par'liementi
780 941 934 1007 membris
964 943 1120 1026 eligendis

64 1053 190 1129 agatur,
207 1067 376 1129 aquorum
405 1046 521 1129 agendi
543 1047 666 1110 ratione
690 1067 868 1130 pauperum
893 1047 1120 1112 catholicorum

64 1149 144 1211 fides
160 1154 194 1211 et
215 1149 430 1222 incolumitas,
444 1154 476 1211 et
486 1148 651 1212 Ecclesiae
663 1147 737 1230 jura
749 1148 920 1211 etlibertas
931 1148 1123 1216 detrimenta

64 1252 132 1335 pati
153 1258 304 1334 possunt,
330 1243 447 1316 soliciti
476 1272 547 1316 esse
577 1251 706 1328 debent,
731 1258 768 1314 ut
793 1249 979 1314 hominibus
1014 1246 1122 1332 probis

64 1362 96 1420 et
120 1356 303 1439 Religionis
329 1356 501 1420 catholicae
530 1357 664 1419 minime
697 1355 846 1419 hostibus
883 1374 1018 1417 munera
1043 1352 1121 1416 haec

65 1463 280 1526 conferantur.
347 1462 500 1524 Attamen
537 1468 625 1524 extra
662 1460 822 1536 ecclesias,
862 1459 931 1522 sine
963 1456 1119 1533 tumultu,

65 1566 184 1650 absque
223 1565 387 1628 charitatis
416 1565 597 1640 violatione,
616 1571 649 1628 et
680 1585 754 1628 cum
784 1562 892 1627 debita
924 1563 1121 1645 subjectione

64 1673 192 1755 proprio
208 1672 370 1755 Episcopo
385 1692 426 1734 ne
442 1671 658 1734 dissensiones
679 1671 714 1733 in
730 1670 812 1733 clero
827 1669 981 1743 oriantur,
999 1672 1032 1730 et
1048 1687 1121 1730 cum

64 1795 101 1838 ea
130 1774 361 1851 moderatione,
389 1794 470 1857 quae
508 1773 607 1836 statui
637 1772 774 1836 clericali
801 1772 932 1835 omnino
961 1771 1120 1846 convenit,

62 1879 175 1943 relicta
190 1879 363 1961 unicuique
375 1878 409 1939 in
425 1876 533 1941 dubiis
548 1877 646 1941 libere
661 1898 719 1958 pro
736 1897 770 1939 se
781 1874 942 1939 sentiendi
957 1873 1119 1951 facultate,

62 1981 101 2045 de
115 1980 270 2046 omnibus
280 1979 469 2062 hujusmodi
480 1978 575 2042 rebus
591 1978 751 2061 agendum
766 1998 837 2041 esse
853 1976 1054 2040 arbitramur.

534 2600 655 2664 XXVI.

390 2759 433 2803 DE
456 2758 588 2803 LITIBUS
610 2758 793 2802 EVITANDIS.

104 2894 181 2958 253.
208 2893 241 2957 S.
268 2892 389 2957 Paulus
412 2894 446 2955 in
474 2894 537 2976 Ep.
564 2894 595 2954 1³
610 2892 651 2954 ad
667 2892 851 2955 Corinthios
867 2899 997 2956 strenue
1012 2893 1122 2956 fideles

59 3000 209 3065 hortatur
227 3007 265 3065 ut
278 3001 399 3084 judicia
410 3001 538 3084 publica
557 3002 688 3076 evitent,
703 3008 734 3063 et
754 3001 830 3063 lites
841 3013 874 3064 et
886 3002 1121 3084 disputationes

60 3107 146 3167 inter
172 3126 207 3169 se
235 3106 304 3168 sine
325 3105 472 3187 judicum
496 3104 616 3167 auxilio
641 3111 835 3184 componant
849 3109 926 3167 :—“
942 3106 1121 3168 Saecularis

62 3207 198 3289 “igitur
216 3206 339 3290 judicia
362 3207 390 3270 si
412 3205 599 3281 habueritis,
624 3206 880 3288 contemptibiles
903 3208 958 3290 qui
983 3214 1061 3270 sunt
1087 3208 1122 3270 in
1205 3267 1209 3279 ,

63 3311 85 3340 “
99 3309 241 3385 ecclesia,
254 3309 326 3372 illos
340 3309 527 3372 constituite
537 3307 807 3391 adjudicandum.
838 3309 889 3371 Ad
898 3310 1121 3384 verecundiam

63 3415 237 3475 “vestram
251 3412 333 3475 dico.
367 3411 418 3474 Sic
430 3432 495 3474 non
512 3417 561 3474 est
571 3412 655 3474 inter
666 3432 723 3474 vos
736 3413 862 3494 sapiens
872 3413 1051 3495 quisquam,
1066 3415 1123 3495 qui

62 3519 199 3599 “possit
210 3518 353 3600 judicare
363 3518 448 3579 inter
460 3518 589 3580 fratrem
604 3538 699 3580 suum
712 3521 729 3580 l
760 3518 822 3581 Sed
832 3520 929 3581 frater
941 3541 1014 3582 cum
1026 3521 1122 3584 fratre

61 3617 213 3702 “judicio
229 3618 394 3681 contendit
417 3666 562 3682 ......
586 3619 608 3681 J
610 3641 661 3681 am
677 3620 807 3702 quidem
822 3621 952 3683 omnino
969 3621 1122 3686 delictum

61 3728 196 3789 “estin
212 3725 302 3789 vobis
317 3725 401 3809 quod
420 3726 543 3808 judicia
564 3726 691 3789 habetis
714 3728 799 3790 inter
821 3749 887 3791 vos.
935 3729 1038 3804 Quare
1057 3752 1122 3794 non

61 3830 202 3912 “magis
225 3830 376 3911 injuriam
404 3831 580 3912 accipitis?
625 3832 729 3908 Quare
756 3853 820 3895 non
849 3833 951 3916 magis
978 3835 1123 3901 fraudem

61 3934 359 4017 “patimini‘l''—l
378 3934 449 3998 Gor.
466 3934 505 3997 vi.
525 3935 542 3995 1
561 3955 630 4018 sqq.

1024 4046 1037 4090 1
