2572 4410
652 308 718 370 lou

160 492 790 578 etpestorenlioseonstituendiquiei
811 491 997 574 odjummto
1018 494 1088 556 sint
1109 493 1144 554 in
1170 511 1210 556 eo

160 615 304 671 munere,
332 599 536 680 perspicuum
564 602 616 658 ert
649 594 777 656 nullum
805 595 980 676 prothum
1008 597 1081 658 sine
1114 596 1210 658 venie

161 696 321 762 Ordinsrii
346 697 531 762 Sacerdotes
555 717 595 759 ex
619 695 723 758 eliens
745 695 882 758 dioecesi
904 717 1015 759 vocae
1041 717 1138 779 posse
1168 696 1210 758 ul

159 801 462 885 preedicsndumvel
475 800 1208 884 adpopulmnquonedoeunquemdienuum.

161 903 253 981 Quod
266 903 305 967 sd
319 903 550 988 praedicuturos
564 902 721 965 Ordinum
732 902 969 985 Religiosorum
983 910 1109 986 spectet
1122 904 1209 966 Con·

160 1006 271 1072 cilium
283 1006 793 1072 Tridentiuumhsechabet:-“
806 1007 1007 1088 Rugulsres.
1032 1054 1042 1069 .
1066 1053 1076 1068 .
1099 1009 1208 1088 cujus·

161 1111 320 1194 “cunque
335 1109 465 1173 Ordinis
479 1109 544 1172 nisi
557 1129 577 1171 c
591 1109 660 1171 suis
683 1108 906 1190 Superioribus
919 1109 959 1171 de
972 1109 1049 1185 ritu,
1064 1109 1211 1172 moribus

161 1216 183 1245 “
195 1219 228 1277 ct
242 1214 376 1278 seleutia
397 1213 568 1277 maminoti
590 1220 624 1276 et
644 1213 809 1295 approbati
831 1213 962 1287 fuerint,
977 1233 1014 1274 ac
1035 1213 1075 1275 de
1096 1233 1211 1275 eornm

162 1322 184 1352 “
194 1317 323 1382 licentis
337 1318 433 1382 etiam
444 1319 478 1381 in
488 1317 630 1381 ecclesiis
640 1337 773 1380 suorum
785 1317 942 1380 Ordinum
950 1317 1132 1399 praedicare
1143 1337 1210 1380 non

162 1425 183 1455 “
192 1422 329 1506 possint,
339 1443 413 1487 cum
427 1443 491 1505 qus
504 1422 632 1486 licentio
646 1421 855 1504 personaliter
869 1442 904 1483 se
918 1442 1025 1484 eorem
1035 1421 1210 1503 Episcopis

161 1529 183 1559 “
195 1526 491 1610 praesentere‚eteb
500 1527 547 1590 eis
555 1527 808 1590 benedictionem
817 1534 924 1610 petere
932 1535 1112 1603 teneantur,
1119 1535 1210 1593 ante-

161 1632 183 1662 “
195 1650 290 1715 quem
300 1630 478 1714 praedicere
486 1631 649 1715 incipient.
693 1631 1210 1715 Ineeclesiisveroquaesuorum

108 1744 114 1757 ’
162 1733 343 1800 “ordinum
365 1755 430 1800 non
453 1741 539 1813 sunt,
560 1735 645 1799 ultra
666 1735 828 1798 licentiam
851 1757 983 1799 suorum
1006 1737 1210 1819 superiorum

161 1837 182 1869 “
194 1837 291 1901 etiem
313 1836 465 1921 Episcopi
485 1837 648 1902 licentiam
669 1836 785 1901 hebere
807 1843 977 1902 teneantur
999 1840 1152 1921 sineque
1173 1839 1210 1901 in

162 1942 183 1971 ⁴⁴
193 1938 272 2024 ipsis
282 1939 422 2004 ecclesiis
432 1959 496 2004 non
508 1958 638 2004 snorum
648 1939 799 2003 ordinum
813 1940 904 2003 nullo
918 1940 1012 2003 modo
1026 1940 1210 2022 praedicare

160 2041 349 2126 “possint’'
395 2042 482 2107 Sese.
498 2063 528 2106 v.
544 2063 611 2125 cap.
628 2042 648 2104 2
664 2041 703 2105 de
718 2041 858 2104 Reform.
911 2043 1002 2105 Idem
1018 2042 1209 2119 Concilium,

161 2166 240 2213 sess.
254 2147 447 2231 axiacepd,
458 2148 497 2212 de
509 2147 590 2223 Res„
604 2147 692 2210 addit
703 2147 780 2211 :-“
790 2145 908 2209 Nullus
920 2152 1027 2210 autem
1037 2147 1210 2211 saecularis

163 2252 183 2282 ⁴⁴
197 2251 262 2315 siae
277 2251 430 2335 regularis
445 2250 541 2314 etism
556 2251 590 2313 in
607 2249 748 2314 ecelesiis
764 2269 895 2312 suornm
912 2249 1061 2312 ordinum
1084 2256 1209 2312 contra-

163 2354 183 2384 ⁴⁴
196 2350 320 2417 dicente
332 2352 490 2436 Episcopo
499 2351 676 2435 praedicere
684 2352 900 2436 praesumat.'’
931 2352 1018 2414 Hinc
1028 2352 1150 2415 clarum
1159 2360 1211 2416 est

162 2453 323 2538 regulares
352 2455 386 2516 in
415 2455 549 2536 propriis
586 2454 729 2518 ecclesiis
758 2453 993 2536 praedicaturos
1028 2455 1141 2518 sistere
1174 2477 1209 2518 se

159 2556 317 2641 Episcopo
332 2557 393 2621 loci
408 2557 519 2621 debere
535 2558 666 2640 ejusque
681 2558 933 2621 benedictionem
949 2564 1065 2641 petere.
1114 2559 1208 2635 Quod

163 2659 190 2724 si
205 2658 385 2742 Episcopus
400 2658 593 2722 contradicet
608 2660 696 2724 nullo
711 2660 805 2724 modo
820 2660 999 2742 praedicere
1013 2667 1162 2743 possunt.

205 2763 277 2826 142.
303 2764 389 2840 Quae
404 2761 442 2827 de
452 2763 623 2828 residentia
635 2785 653 2827 a
665 2763 805 2828 Concilio
818 2764 1004 2829 Tridentino
1015 2768 1209 2850 praescripta

163 2871 239 2930 eunt
272 2864 362 2943 (sess.
388 2867 419 2943 6,
445 2887 513 2951 esp.
541 2869 581 2932 l:
607 2887 686 2932 sess.
714 2867 767 2944 23,
795 2888 861 2950 cup.
889 2868 934 2945 1),
959 2874 1101 2931 accurate
1128 2875 1208 2931 sunt

160 2965 362 3033 observanda.

204 3071 277 3136 148.
302 3056 541 3137 In‘memoriam
563 3092 744 3138 revocemus
767 3078 799 3135 et
822 3072 930 3135 stricte
945 3072 1103 3136 observari
1117 3093 1207 3155 prae-

159 3174 296 3259 cipimus
312 3175 472 3242 decretum
490 3179 624 3243 Ooncilii
648 3176 827 3241 Tridentini
851 3177 944 3254 (sess.
962 3177 1015 3252 24,
1032 3198 1100 3259 cap.
1118 3179 1149 3255 2,
1167 3178 1207 3241 de

159 3276 313 3362 Reform.)
330 3302 391 3367 quo
407 3289 556 3348 tenentur
571 3282 809 3366 Metropolitum
823 3281 1011 3363 provinciale
1028 3281 1208 3344 Concilium

160 3383 297 3469 singulis
309 3384 456 3450 trienniis
468 3406 588 3470 cogere,
600 3387 651 3450 cui
660 3386 812 3469 Episcopi
822 3386 1099 3468 comprovinciales
1107 3387 1208 3449 inter-

160 3504 230 3551 esso
245 3485 372 3567 debent,
388 3493 421 3554 et
435 3488 587 3574 Episcopi
611 3488 773 3572 Synodum
796 3489 1012 3552 dioecesanum
1035 3490 1209 3571 quotannis

159 3586 316 3656 celebrare
330 3590 382 3657 cul
395 3591 581 3677 praesertim
597 3591 771 3674 omnesqui
782 3612 889 3654 curem
902 3592 1079 3654 animarum
1091 3598 1208 3673 gerunt

159 3688 306 3759 mordere
330 3697 490 3760 tenentur.
535 3693 576 3759 In
605 3692 790 3757 dioecesana
818 3715 891 3757 vero
923 3694 1048 3776 Synodo
1086 3699 1208 3758 statuta

99 3862 113 3881 „-
159 3788 375 3862 Consiliorum
397 3794 642 3863 Prouincialium
672 3803 728 3859 eut
752 3794 969 3859 Plenariorum
991 3794 1205 3879 publicentur,

117 3924 136 3977 '.
156 3909 259 3983 quo
271 3895 380 3964 omnis
392 3906 528 3986 quatur
542 3916 622 3985 quae
637 3894 809 3963 ed'rectam
831 3900 984 3964 dioecems
1005 3899 1207 3963 administru-
