2572 4410
610 305 674 371 196

162 483 193 547 6.
218 482 254 546 si
283 481 357 565 quis
385 477 511 555 dixerit,
541 497 651 562 parem
681 497 752 542 esse
781 478 997 542 conditionem
1021 478 1168 542 fidelium

118 591 213 668 atque
228 603 349 659 eorum,
367 583 422 666 qui
437 581 478 644 ad
491 578 589 644 fidem
605 581 700 644 unice
721 603 828 644 veram
849 580 995 644 nondum
1016 603 1166 665 pervene-

117 692 204 763 runt,
220 687 267 748 ita
277 691 315 749 ut
329 683 477 747 catholici
487 684 610 765 justam
626 704 755 746 eausam
769 682 885 746 habere
899 685 1037 766 possint,
1054 681 1165 758 fidem,

118 809 215 875 quam
238 786 297 851 sub
312 784 476 849 Ecclesiae
498 786 683 869 magisterio
701 786 770 867 jam
793 790 1013 868 susceperunt,
1030 806 1168 848 assensu

119 917 276 981 suspenso
287 898 322 959 in
334 896 467 960 dubium
477 897 621 971 vocandi,
634 896 734 959 donec
746 895 1051 960 demonstrationem
1063 898 1168 959 scien-

117 1000 238 1063 tificam
261 999 483 1063 credibilitatis
507 1005 540 1063 et
565 999 711 1062 veritatis
735 998 810 1061 fidei
839 1019 915 1062 suae
945 997 1144 1062 absolverint
1156 1023 1165 1076 ;

119 1101 289 1166 anathema
304 1102 358 1166 sit.
1056 1136 1063 1147 ·

397 1295 531 1340 1v.-nn
553 1296 632 1340 nnn
654 1296 697 1340 ET
720 1295 872 1342 namoa'n.

161 1415 193 1478 1.
218 1413 253 1477 si
276 1414 349 1497 quis
375 1412 500 1488 dixerit,
521 1415 556 1476 in
580 1412 771 1476 revelatione
796 1413 903 1476 divina
926 1411 1016 1475 nulla
1037 1431 1113 1475 vera
1134 1419 1169 1477 et

116 1517 245 1601 proprie
270 1515 355 1579 diota
377 1516 530 1596 mysteria
548 1513 722 1591 contineri,
740 1516 796 1579 sed
819 1516 967 1578 universa
992 1514 1067 1577 fidei
1087 1515 1166 1598 dog-

116 1625 204 1682 mata
217 1636 311 1701 posse
325 1637 383 1699 per
397 1618 553 1681 rationem
567 1619 630 1680 rite
645 1619 803 1681 excultam
823 1636 841 1680 e
855 1616 1055 1680 naturalibus
1076 1619 1166 1701 prin·

116 1720 210 1805 cipiis
224 1719 363 1807 intelligi
378 1724 410 1782 et
424 1718 653 1796 demonstrari;
678 1721 848 1783 anathema
863 1720 916 1783 sit.

160 1823 192 1886 2.
218 1819 254 1887 si
268 1823 341 1905 quis
356 1821 482 1899 dixerit,
496 1822 682 1906 disciplinas
695 1822 855 1885 humanas
869 1840 907 1884 ea
928 1842 1002 1884 cum
1016 1819 1167 1885 libertate

115 1924 297 1998 tractandas
312 1945 392 1999 esse,
409 1930 447 1988 ut
461 1945 571 1988 earum
594 1926 796 1999 assertiones,
813 1924 874 1987 etsi
895 1923 1056 1987 doctrinae
1078 1944 1166 1987 reve·

115 2024 198 2090 latae
208 2025 424 2103 adversentur,
437 2032 590 2110 tanquam
604 2047 696 2090 verae
706 2027 849 2103 retineri,
857 2044 960 2108 neque
969 2024 1009 2088 ab
1017 2023 1168 2090 Ecclesia

116 2128 271 2213 proscribi
285 2130 413 2211 possint
422 2151 431 2206 ς
456 2128 628 2192 anathema
644 2130 697 2192 sit.

160 2233 192 2295 3.
218 2231 252 2293 Si
267 2232 340 2314 quis
355 2230 482 2308 dixerit,
499 2233 569 2295 fieri
583 2253 687 2314 posse,
699 2236 737 2294 ut
751 2229 953 2311 dogmatibus
965 2229 1003 2292 ab
1018 2227 1167 2294 Ecclesia

115 2333 298 2416 propositis,
307 2333 477 2415 aliquando
488 2333 664 2397 secundum
672 2352 880 2416 progressum
890 2332 1040 2394 scientiae
1048 2350 1167 2397 sensus

114 2433 305 2498 tribuendus
329 2435 372 2497 sit
397 2436 480 2499 alius
505 2435 543 2498 ab
568 2456 615 2513 eo,
641 2457 737 2519 quem
761 2434 920 2498 intellexit
948 2440 981 2496 et
1009 2434 1166 2517 intelligit

114 2533 279 2616 Ecclesia;
304 2537 473 2599 anathema
489 2538 542 2599 sit.

157 2637 273 2719 Itaque
303 2639 444 2720 supremi
472 2639 641 2720 pastoralis
670 2637 782 2702 Nostri
805 2638 899 2702 officii
922 2637 1066 2700 debitum
1089 2658 1164 2703 exe-

114 2745 260 2823 quentes,
278 2760 389 2802 omnes
405 2736 527 2802 Christi
542 2740 662 2816 fideles,
679 2742 817 2804 maxime
831 2761 904 2803 vero
920 2761 984 2814 eos,
1001 2741 1057 2823 qui
1071 2761 1163 2822 prae-

115 2846 192 2906 sunt
209 2841 271 2919 ‚vel
299 2841 432 2904 docendi
461 2862 593 2905 munere
622 2842 813 2925 funguntur,
843 2861 901 2924 per
930 2843 1052 2905 viscera
1081 2842 1164 2908 Jesu

115 2940 240 3007 Christi
262 2943 468 3019 obtestamur,
492 2962 551 3007 nec
577 2966 642 3008 uon
667 2945 812 3028 ejusdem
841 2944 903 3007 Dei
932 2950 965 3007 et
989 2942 1164 3009 Salvatoris

114 3045 218 3108 nostri
240 3045 428 3109 auctoritate
450 3043 614 3128 jubemus,
631 3053 668 3110 ut
692 3047 732 3109 ad
757 3046 817 3110 hos
843 3068 964 3110 errores
993 3068 1012 3109 a
1043 3044 1164 3110 Sancta

114 3145 260 3210 Ecclesia
280 3147 431 3211 arcendos
452 3155 485 3212 et
507 3148 730 3224 eliminandos,
755 3155 850 3232 atque
872 3149 1063 3232 purissimae
1086 3149 1163 3213 fidei

113 3249 218 3313 lucem
232 3249 433 3333 pandendam
457 3250 600 3314 studium
615 3257 648 3314 et
662 3270 792 3333 operam
806 3250 981 3314 conferant.

157 3349 315 3430 Quoniam
337 3370 411 3414 vero
425 3353 503 3415 satis
518 3372 584 3416 non
601 3359 660 3428 est,
677 3354 872 3416 haereticam
893 3353 1083 3435 pravitatem
1107 3353 1161 3416 de-

112 3453 223 3528 vitare,
239 3454 343 3516 nisiii
365 3473 489 3536 quoque
512 3475 634 3518 errores
656 3455 826 3537 diligenter
849 3456 1024 3536 fugiantur,
1042 3456 1098 3538 qui
1122 3457 1163 3520 ad

113 3554 204 3618 illam
218 3554 292 3637 plus
307 3555 452 3617 minusve
468 3555 640 3633 accedunt;
665 3577 776 3620 omnes
791 3557 886 3620 officii
900 3578 1080 3632 monemus,
1095 3578 1160 3621 ser-

113 3655 208 3718 vandi
224 3658 320 3719 etiam
336 3652 590 3721 constitutiones
606 3663 638 3720 et
652 3657 798 3733 Decreta,
816 3659 933 3740 quibus
948 3679 1061 3743 pravae
1074 3661 1160 3742 ejus·

114 3757 202 3819 modi
217 3759 394 3841 opiniones,
411 3777 491 3839 quae
506 3758 604 3822 isthic
624 3760 742 3823 diserte
772 3779 838 3823 non
862 3768 1102 3841 enumerantur,
1120 3762 1161 3827 ab

113 3857 173 3922 hac
189 3857 306 3924 Sancta
322 3857 404 3925 Sede
419 3861 612 3946 proscriptae
628 3868 660 3925 et
673 3862 850 3947 prohibitae
867 3871 954 3927 sunt.
