2572 4410
632 294 695 359 183

412 601 791 687 APPENDIX
847 604 925 690 II.

525 773 588 843 [Ad.
597 790 660 843 paq.
674 773 716 840 62,
729 791 753 826 n.
767 774 805 845 6.]

156 1138 406 1235 DECRETA
452 1159 516 1236 ss.
560 1160 868 1240 (sennanim
919 1163 1153 1242 concion

536 1303 801 1382 vosiensi.

548 1505 796 1514 ——.

648 1720 792 1817 1..

280 1899 671 1969 CONSTITUTIO
716 1902 1049 1971 DOGMATIOA

423 2039 484 2102 DE
508 2039 615 2104 FIDE
640 2039 905 2119 OATHOLIOA,

101 2146 242 2241 Edico
256 2179 290 2240 ia
302 2179 449 2244 Scationa
466 2182 560 2244 tertia
574 2182 637 2246 SS.
656 2181 856 2245 OEeamecc'ci
873 2183 1010 2246 Consilii
1028 2183 1187 2246 Vaticani.

599 2418 722 2433 ᾔ

469 2560 571 2628 Pras
601 2526 846 2629 nrrsocr'cs

175 2715 294 2762 saevos
317 2717 488 2762 sanvoncn
511 2720 569 2762 nn1
592 2720 689 2764 siene
711 2722 916 2765 APPROBANTE
940 2720 1088 2767 concmro
1103 2724 1145 2766 An

425 2824 618 2868 nnnrnrcnn
640 2824 697 2868 aar
719 2800 907 2870 nnncnmnss
1152 2810 1154 2816 ’

183 2942 245 3005 Dei
275 2940 382 3006 Filius
412 2950 444 3006 et
474 2941 601 3026 generis
631 2944 767 3007 humani
799 2943 993 3028 Redemptor
1030 2942 1190 3008 Dominus

144 3042 258 3106 Noster
274 3043 295 3108 J
296 3064 371 3107 esus
387 3043 546 3121 Christus
558 3046 598 3109 ad
610 3045 738 3108 Patrem
750 3045 921 3108 coelestem
933 3043 1105 3122 rediturus,
1117 3067 1190 3109 cum

143 3149 273 3210 ecclesia
288 3167 350 3211 sua
374 3145 517 3211 interris
533 3149 703 3224 militante,
721 3148 871 3212 omnibns
894 3150 1007 3213 diebus
1024 3168 1127 3232 usque
1148 3146 1191 3212 ad

143 3241 454 3315 consummationem
470 3243 589 3315 saeeuii
603 3255 750 3316 futurum
765 3275 798 3316 sc
808 3273 878 3316 esse
890 3249 1049 3334 promisit.
1088 3251 1191 3331 Quare

142 3354 276 3417 dilectae
300 3374 436 3436 sponsae
462 3360 590 3436 praesto
616 3374 697 3431 esse,
715 3355 870 3418 adsistere
893 3355 1031 3430 docenti,
1048 3356 1192 3437 operanti

141 3446 339 3533 benedicere,
356 3458 551 3540 periclitanti
566 3477 660 3540 opem
676 3459 757 3520 ferre
773 3458 863 3521 nullo
880 3476 1025 3541 unquam
1046 3463 1192 3539 tempore

142 3562 279 3625 destitit.
326 3561 417 3625 Hace
447 3583 519 3625 vcro
549 3561 703 3625 salutaris
734 3563 803 3644 ejus
829 3560 1130 3643 providentia‚eum
1154 3581 1193 3623 ex

143 3664 216 3729 aliis
245 3663 412 3728 beneficiis
441 3665 621 3727 innumeris
647 3664 849 3727 continenter
875 3663 1038 3744 apparuit,
1056 3669 1128 3725 tum
1150 3660 1193 3726 iis

143 3768 410 3832 manifestissime
426 3775 587 3849 comperta
602 3773 652 3830 est
667 3766 837 3842 fructibus,
855 3765 910 3849 qui
925 3765 994 3828 orbi
1015 3764 1192 3829 christiano

146 3891 163 3934 c
179 3869 332 3936 conciliis
347 3868 559 3936 oecumenicis
574 3891 609 3935 ao
624 3865 819 3934 nominatim
835 3889 851 3930 e
865 3867 1061 3947 Tridentino,
1072 3869 1193 3952 iniquis
