2572 4410
556 290 619 356 141

98 461 178 528 333.
203 462 384 528 Statuimus
392 464 494 549 igitur
502 463 658 547 pecuniae
668 464 1113 547 summam‚quaenecessaria

29 559 122 630 el’it
134 567 174 630 ad
189 587 332 631 annuam
342 567 572 633 Universitatis
583 567 680 631 istius
691 571 819 631 nostrae
831 568 1111 646 sustentationem,

30 665 285 735 Providendam
307 688 379 733 0000
393 689 433 733 ex
448 669 589 734 collectis
604 669 639 732 in
654 668 804 734 omnibus
819 673 852 732 et
868 668 1009 752 singulis
1024 667 1111 734 dioe-

35 773 185 837 casibus
208 773 383 855 quotannis
396 772 565 836 faciendis.

99 878 178 942 339.
205 877 350 960 Singulis
360 898 433 942 1010
443 878 548 955 annis,
559 873 729 942 Dominica
741 876 836 940 tertia
844 875 966 941 mensis
976 875 1114 941 Novem·

48 972 299 1058 bris,collectae
314 981 396 1045 istae
410 980 616 1045 dioecesanae
630 981 722 1046 fiant.

98 1084 177 1148 340.
202 1083 250 1147 Ut
269 1104 342 1148 1010
365 1085 469 1167 magis
490 1085 656 1168 magisque
669 1105 726 1168 per
739 1084 844 1167 ipsam
866 1083 1116 1149 Universitatem

50 1179 119 1248 Dei
132 1185 238 1250 honor
249 1192 282 1250 et
292 1187 458 1252 Ecclesiae
470 1186 568 1251 decus
579 1188 788 1271 columenque
799 1187 834 1250 in
845 1186 920 1251 istis
930 1185 1117 1270 regionibus

54 1294 316 1369 promoveantur,
332 1311 457 1356 necnon
475 1290 656 1374 juventutis
673 1290 856 1355 Catholicae
870 1290 906 1354 in
923 1291 1045 1375 Spiritu
1066 1290 1117 1353 in·

60 1392 256 1475 telligentiae
271 1385 307 1456 ac
328 1395 459 1477 pietatis
474 1394 622 1472 eruditio,
639 1394 730 1458 enixe
750 1394 917 1458 hortamur
938 1394 1118 1479 Episcopus

66 1499 95 1557 03
120 1494 280 1558 Ordinum
310 1495 547 1578 Religiosorum
578 1496 763 1580 Superiores
793 1496 849 1579 qui
885 1495 1037 1579 Collegiis
1065 1494 1117 1559 vel

66 1596 186 1661 Scholia
216 1604 381 1681 praesunt,
405 1605 443 1663 ut
465 1598 655 1663 Academias
678 1598 738 1663 sub
760 1619 872 1662 eorum
893 1620 968 1663 cura
989 1598 1114 1682 positas
1197 1641 1199 1645 ν

66 1720 155 1784 quam
171 1703 362 1766 arctissimis
377 1702 515 1768 neribus
529 1703 593 1786 ipsi
607 1702 820 1767 Universitati
835 1703 1018 1767 Catholicae
1029 1703 1116 1766 colli·

65 1810 135 1886 gent
147 1826 157 1882 3
175 1805 325 1870 alumnos
340 1802 438 1871 et'vel
451 1807 549 1890 ipsos,
564 1807 593 1872 si
604 1806 752 1889 expedire
763 1805 985 1890 judicaverint,
998 1807 1117 1890 magis·

63 1909 126 1970 tros
141 1906 183 1969 ad
197 1907 339 1990 pericula
353 1909 388 1971 in
405 1908 522 1972 studiis
537 1907 681 1972 facienda
695 1908 911 1983 cohortentur,
928 1914 965 1972 ut
979 1907 1116 1972 honoros

61 2013 92 2071 et
112 2007 233 2090 gratim
255 2008 452 2074 academicos
482 2010 711 2093 adipiscantur,
740 2015 773 2073 03
805 2014 844 2073 113
873 2010 908 2073 111
937 2015 1115 2093 posterum,

61 2115 218 2194 quantum
236 2110 410 2195 prudenter
432 2112 501 2175 lieri
522 2116 639 2194 potest,
656 2111 830 2194 magistros
850 2132 889 2174 er
902 2110 945 2173 iis
968 2111 1114 2193 seligant,
1136 2141 1145 2154 ι

61 2215 116 2296 qui
131 2215 263 2297 optimis
278 2215 421 2280 moribus
436 2215 582 2299 praediti,
595 2216 754 2279 honorum
766 2215 864 2278 otiam
879 2213 989 2279 laudes
1001 2215 1035 2276 in
1047 2215 1118 2297 ipsa

62 2315 280 2379 Universitate
296 2317 461 2382 Catholica
475 2318 595 2382 fuerint
610 2317 774 2381 consecuti
788 2322 821 2380 03
835 2317 918 2381 bono
930 2316 1116 2380 testimonio

60 2439 78 2482 a
95 2421 320 2503 Superioribus
335 2421 572 2485 Ecclesiasticis
587 2426 735 2485 utuntur.

103 2523 179 2584 341.
204 2522 326 2586 Omnes
348 2524 445 2586 etiam
473 2524 651 2606 Episcopus
681 2528 714 2585 03
745 2521 929 2586 Sacerdotes
952 2526 984 2586 et
1006 2520 1118 2586 fideles

58 2623 227 2688 hortamur
264 2631 312 2702 ut,
350 2647 408 2708 pro
447 2626 519 2689 data
560 2627 734 2702 occasione,
780 2626 827 2688 eis
878 2626 1015 2703 10100113,
1061 2626 1118 2707 qui

60 2728 168 2792 studia
188 2729 323 2793 feliciter
345 2731 379 2793 in
404 2730 621 2794 Universitate
648 2727 811 2793 Catholica
836 2729 979 2807 fecerint,
1005 2734 1037 2793 et
1059 2730 1116 2813 qui

58 2833 126 2895 suis
141 2834 316 2914 respective
331 2829 501 2916 Episcopis
515 2833 565 2898 vel
579 2832 730 2896 Parochis
743 2832 1019 2896 commendantur.
1060 2832 1115 2895 Ex

56 2955 121 3018 qua
150 2936 266 3018 agendi
299 2939 421 3000 ratione
455 2936 660 3019 sperandum,
697 2936 763 2999 fore
792 2942 830 3000 ut
872 2938 964 3020 quasi
988 2937 1116 3018 agmine

56 3041 151 3116 facto,
168 3041 278 3122 procul
300 3062 318 3103 a
340 3041 460 3104 nostris
481 3040 601 3104 finibus
623 3039 848 3104 Rationalismi
871 3046 904 3104 03
926 3040 1116 3104 Indifferen-

55 3143 149 3206 tismi
171 3148 315 3207 monstra
344 3145 466 3227 jugiter
502 3143 706 3226 repellamus,
738 3149 771 3206 et
798 3144 916 3208 avitam
941 3144 1115 3208 Hiberniae

56 3251 187 3309 nostrae
202 3246 335 3328 gloriam
351 3245 455 3310 denuo
469 3245 669 3310 vindicemus
684 3250 721 3310 ut
735 3245 848 3310 Insula
871 3251 904 3309 03
928 3245 1118 3310 Sanctorum

56 3354 91 3411 et
106 3345 284 3411 Doctorum
299 3353 332 3411 03
347 3347 531 3412 nominetur
547 3353 580 3412 et
595 3348 648 3413 sit.

537 3664 670 3679 ψ
