2572 4410
620 312 685 379 145

112 493 230 552 curam
244 483 401 550 habentes
414 483 583 549 hortamur
597 485 679 551 etin
696 485 870 551 viscoribus
885 487 1018 551 Domini
1032 486 1177 554 obsecra·

123 599 206 667 mus,
216 594 256 654 ut
266 587 335 652 aelo
346 588 410 653 Dei
421 587 552 652 excitati
566 593 633 651 tam
647 586 775 672 publice
790 609 887 673 quam
901 589 1051 673 privatim
1065 609 1084 653 a
1098 589 1176 656 fide·

121 681 206 754 libus
219 688 411 773 hujusmodi
424 711 571 774 perversa
586 691 716 775 scripta,
733 691 762 755 ai
777 690 895 769 adsint,
911 691 1023 775 procul
1037 697 1176 758 arceant.

163 794 239 858 851.
264 791 367 856 Sicuti
380 812 455 856 vero
469 793 611 856 maxima
624 792 719 857 laude
730 792 821 877 digni
831 797 907 858 sunt
917 797 1108 877 parenteset
1122 793 1178 858 alii

122 895 309 957 auctoritate
323 893 471 977 praediti,
488 895 591 978 quiet
605 894 691 960 filios
713 914 790 960 suos
808 900 841 959 et
856 894 1047 959 domesticos
1062 893 1178 960 abhoc

119 997 270 1079 pestifero
285 994 401 1079 pabulo
416 996 579 1059 immunes
591 1000 729 1073 servant,
742 996 788 1059 ita
803 999 942 1060 econtra
953 995 1068 1058 acriter
1081 995 1178 1058 corri-

120 1096 229 1180 piendi
260 1100 348 1174 aunt,
376 1096 433 1180 qui
458 1095 603 1178 neglecto
628 1095 689 1160 hoc
711 1095 823 1173 officio,
846 1115 909 1179 quo
931 1100 964 1158 et
983 1093 1123 1158 naturali
1145 1099 1180 1158 et

119 1198 228 1262 divino
239 1199 314 1280 jure
328 1201 490 1275 tenentur,
507 1201 541 1260 et
554 1196 648 1278 cujus
663 1195 820 1259 rationem
836 1193 1108 1258 districtissimam
1123 1211 1177 1258 su·

116 1317 227 1380 premo
242 1296 266 1360 J
266 1295 353 1360 udici
364 1301 443 1360 sunt
454 1295 622 1373 reddituri,
635 1315 712 1360 suae
724 1295 838 1360 domus
848 1315 957 1359 curam
971 1315 1037 1358 non
1047 1292 1178 1370 habent,

115 1400 324 1462 immemores
356 1397 526 1462 verborum
570 1396 718 1480 Apostoli
757 1395 798 1459 ad
836 1394 1063 1458 Timotheum:
1107 1392 1179 1456 “Si

119 1501 141 1532 “
155 1501 229 1584 quis
241 1520 383 1577 suorum,
396 1506 430 1564 et
442 1499 580 1563 maxime
595 1498 855 1575 domesticorum,
869 1518 979 1561 curam
990 1518 1056 1561 non
1070 1494 1176 1573 habet,

118 1605 142 1636 “
154 1604 253 1667 fidem
268 1603 397 1686 negavit
411 1608 444 1667 et
458 1609 509 1667 est
521 1602 646 1666 infideli
661 1601 830 1666 deterior.”
849 1603 882 1680 (1
899 1601 984 1666 Tim.
1000 1622 1068 1685 cap.
1084 1621 1114 1664 v.
1129 1601 1177 1679 8.)

161 1705 237 1768 352.
260 1703 341 1768 illos
356 1724 481 1788 quoque
492 1705 548 1788 qui
556 1703 728 1788 praedictis
739 1703 858 1767 libellis
870 1709 903 1766 et
917 1701 1176 1785 ephemeridibus

114 1805 285 1888 perversis,
298 1806 339 1870 iis
353 1807 543 1890 praesertim
559 1827 639 1890 quae
662 1806 781 1870 mentis
802 1806 976 1889 puritatem
998 1826 1177 1870 commacu·

114 1905 187 1968 lant
203 1900 252 1986 (ct
267 1907 497 1989 utplurimum
511 1907 551 1971 ab
567 1907 685 1971 exteris
697 1908 881 1990 regionibus
892 1908 927 1971 in
941 1908 1025 1971 hanc
1035 1907 1177 1971 insulam

114 2011 263 2070 nostram
278 2006 504 2086 advehuntur),
516 2008 734 2073 diffundendis
747 2030 876 2093 operam
887 2015 1015 2087 navant,
1025 2015 1178 2073 moneant

115 2113 261 2189 pastores
276 2115 434 2191 quantum
450 2110 493 2174 sit
507 2110 588 2193 ipsis
611 2111 772 2194 flagitium
787 2111 883 2175 fidem
906 2117 939 2175 et
954 2112 1055 2176 bonos
1070 2132 1176 2176 mores

115 2211 266 2292 quaestui
286 2211 414 2289 habere,
446 2218 479 2276 et
504 2233 544 2275 ex
570 2213 750 2276 animarum
780 2213 873 2277 ruina
902 2234 953 2277 res
984 2214 1175 2277 domesticas

118 2331 244 2394 augere,
261 2319 298 2377 ut
314 2313 439 2377 discant
461 2315 631 2398 aliquando
655 2317 769 2379 timere
787 2316 909 2399 J'udicia
931 2317 1177 2400 aRedemptore

117 2421 227 2479 nostro
244 2416 375 2481 Christo
390 2418 432 2481 iis
448 2417 636 2482 denuntiata
650 2439 707 2502 per
722 2440 803 2502 quos
818 2419 1005 2484 scandalum
1020 2420 1118 2484 venit.

161 2518 237 2581 353.
263 2518 447 2599 Optandum
463 2524 500 2581 nt
514 2519 570 2602 qui
584 2520 714 2602 ingenio
725 2525 802 2583 sunt
812 2520 947 2602 praediti
962 2525 994 2582 et
1008 2519 1042 2581 in
1058 2518 1179 2582 littera·

117 2639 191 2682 rum
215 2620 322 2684 studia
343 2621 550 2698 incumbunt,
571 2622 718 2705 vestigiis
752 2643 862 2687 eorum
893 2623 1090 2699 insistentes,
1121 2622 1179 2706 qui

116 2721 244 2786 libellos
259 2723 425 2787 catholico
442 2724 558 2807 spiritu
572 2725 684 2806 plenos
700 2724 919 2788 concinnando
935 2725 1099 2808 egregium
1115 2723 1177 2788 sibi

116 2823 271 2887 meritum
300 2826 526 2909 acquisierunt,
556 2825 655 2889 libros
684 2826 896 2902 conscribant,
925 2826 1042 2909 quibus
1073 2825 1176 2909 pietas

118 2925 264 2991 foveatur
300 2934 490 3011 mentesque
527 2928 725 2992 delectentur
756 2929 854 2993 simul
891 2935 923 2992 et
959 2930 1173 2991 instruantur.

114 3027 245 3093 Horum
260 3037 428 3094 auctorum
440 3052 533 3114 opera
547 3037 712 3115 pastorum
728 3033 788 3095 erit
803 3031 890 3115 plebi
906 3030 1130 3096 commendare
1144 3034 1177 3093 et

116 3130 251 3213 insuper
266 3133 301 3195 in
316 3132 520 3197 bibliothecis
536 3132 782 3216 parochialibus,
799 3133 916 3196 iisdem
931 3132 1037 3197 locum
1053 3132 1139 3194 dare'.
1258 3216 1262 3224 .

162 3235 239 3298 354.
258 3235 478 3319 Praecipimus
493 3243 602 3300 autem
617 3242 655 3300 ut
669 3236 744 3299 libri
758 3237 798 3300 de
813 3236 966 3320 religione
982 3257 1021 3299 ex
1035 3234 1177 3318 professo

117 3341 291 3403 tractantes
321 3345 354 3403 et
382 3339 483 3403 libelli
514 3341 706 3424 quicunque,
738 3361 796 3404 seu
822 3340 908 3417 folia,
940 3360 1021 3423 quae
1046 3357 1178 3421 precum

118 3440 273 3505 formulas
288 3443 464 3521 continent,
481 3444 551 3508 sine
566 3443 719 3526 Episcopi
740 3441 872 3506 licentia
885 3442 992 3526 praelo
1007 3462 1072 3505 non
1087 3460 1177 3504 man·

119 3543 245 3623 dentur,
263 3567 322 3609 nec
344 3547 471 3611 venales
493 3568 512 3610 a
537 3547 712 3611 Catholicis
737 3551 947 3630 exponantur.
994 3543 1179 3609 Cavendum

120 3647 218 3710 etiam
233 3653 284 3712 est
299 3646 339 3711 de
354 3647 445 3713 libris
460 3649 591 3713 nomine
607 3654 705 3712 tenus
721 3648 895 3713 Catholicis
918 3653 950 3711 ct
965 3646 1005 3711 ad
1020 3645 1178 3710 delectan-

118 3748 197 3812 dum
213 3750 414 3834 conscriptis,
431 3772 472 3817 ne
487 3750 610 3836 aliquid
632 3756 742 3816 contra
763 3749 864 3816 bonos
890 3770 996 3815 mores
1017 3748 1068 3814 vel
1082 3747 1180 3813 fidem

118 3853 316 3919 contineant.
