2572 4410
624 317 666 380 45

266 486 585 554 coucancanro
610 487 800 552 sarvam
823 489 1027 555 seruus.

388 625 453 690 na
475 627 514 688 11
532 625 732 706 satam,
749 626 895 691 sabaa

157 759 250 823 Hora
279 759 402 824 decima
431 781 505 824 cum
540 760 673 824 dimidio
703 767 915 825 convenerunt
943 761 1055 826 Patres
1091 784 1165 827 cum
1252 854 1255 861 Ι

112 862 304 928 officialibus
321 863 451 945 Synodi.
977 950 981 960 Ι

159 964 299 1028 Schema
313 964 350 1029 de
375 966 441 1028 uita
463 975 492 1029 et
513 965 672 1029 beaeetate
686 964 867 1028 elericorum
879 965 1055 1049 perlectum
1076 973 1126 1030 est
1147 989 1166 1031 a

113 1067 303 1144 SecretariO,
320 1074 367 1144 ut,
383 1069 548 1151 perpensis
571 1067 806 1150 Theologorum
828 1066 1163 1147 animadversionibus,

112 1170 154 1235 de
170 1170 310 1253 singulis
331 1170 476 1234 articulis
491 1171 568 1254 quid
591 1171 745 1234 sentirent
761 1169 871 1235 Patres
893 1171 1071 1247 significare
1092 1193 1164 1254 pos-

113 1278 199 1337 sent.
250 1273 322 1336 Hac
348 1273 470 1336 ratione
491 1273 531 1335 ad
553 1273 709 1337 trutinam
732 1273 866 1337 revocati
889 1279 965 1336 sunt
987 1279 1019 1337 et
1039 1273 1165 1358 probati

114 1395 228 1440 omnes
243 1375 370 1438 articuli
384 1395 486 1459 usque
502 1376 541 1438 ad
556 1395 728 1439 numerum
744 1376 804 1439 131
821 1374 987 1440 inclusive.

162 1477 260 1540 Dicta
275 1477 388 1541 deinde
403 1479 544 1542 oratione
560 1480 656 1542 finem
672 1477 791 1560 accepit
806 1477 998 1541 Conventus.

272 1854 589 1922 OONGREGATIO
613 1852 807 1917 PRIVATA
829 1852 1013 1920 OCTAVA.

379 1991 444 2055 Die
461 1991 503 2054 12
519 1989 720 2071 Septembris,
735 1988 916 2052 Dominico.

160 2129 250 2192 Hora
265 2128 433 2192 undecima
455 2126 704 2191 antemeridiana
725 2132 937 2189 convenerunt
960 2125 1069 2189 Patres
1092 2147 1164 2190 cum

118 2231 239 2315 Synodi
254 2229 451 2295 officialibus.

160 2335 354 2412 Quaestione
385 2332 423 2396 ab
450 2332 545 2395 lllido
572 2336 604 2395 et
629 2332 749 2395 Revr'iro
774 2330 937 2413 Episcopo
964 2330 1164 2416 corcagiensi

115 2437 281 2519 proposita
297 2456 391 2518 super
406 2455 538 2497 censura
552 2434 586 2496 in
602 2433 735 2497 articulo
752 2434 814 2496 118
830 2432 867 2497 de
881 2433 948 2495 aito
962 2442 992 2497 et
1006 2433 1164 2500 boaeatate

115 2538 297 2602 clericorem
325 2537 428 2621 pridie
456 2537 521 2599 lata
550 2537 672 2600 notavit
708 2537 812 2600 Eiuus
843 2535 984 2613 Praeses,
1016 2536 1164 2602 Patribus

116 2639 376 2716 assentientibus,
401 2660 471 2703 eam
494 2660 558 2702 non
584 2660 653 2702 esse
681 2645 881 2717 reservatam,
897 2639 1030 2722 ideoque
1054 2661 1164 2704 omues

117 2742 336 2808 confessarios
352 2742 391 2806 ab
406 2763 442 2805 ea
458 2740 618 2805 absolvere
633 2762 738 2825 posse.

160 2844 300 2928 Perlegit
326 2845 519 2909 Secretarius
546 2844 649 2927 Caput
673 2843 710 2906 de
738 2843 873 2907 Vicaria'e
899 2844 1105 2908 Geaeaala'baa
1124 2854 1165 2909 et

114 2947 272 3012 Foaaaeia
285 2968 408 3011 necnon
424 2953 518 3030 caput
533 2946 572 3009 de
586 2945 698 3010 litibus
713 2946 878 3022 evitandis,
895 2968 1029 3030 quorum
1045 2948 1164 3030 singuli

115 3050 254 3127 articuli,
270 3057 344 3132 post
365 3049 492 3113 brevem
514 3048 785 3131 disceptationem,
800 3047 926 3132 probati
953 3055 1038 3113 sunt.
1084 3051 1164 3114 Inde

114 3153 234 3216 iterum
245 3171 351 3216 coram
363 3150 511 3215 Patribus
520 3150 680 3234 prolatum
690 3157 738 3213 cst
754 3150 881 3214 schema
890 3149 927 3213 de
938 3153 1161 3216 Sacrameatia.

116 3255 260 3337 Singulis
275 3253 368 3337 plene
383 3253 524 3317 excussis
540 3252 693 3331 articulis,
710 3274 729 3315 a
742 3273 873 3316 numero
888 3254 930 3316 38
945 3253 982 3318 de
996 3255 1163 3336 Baptistae

114 3377 218 3441 usque
233 3357 274 3420 ad
288 3357 386 3420 finem
401 3356 514 3438 capitis
529 3354 567 3418 de
584 3355 838 3437 Caafimaate'aae,
848 3354 1055 3439 pluribusque
1070 3358 1163 3422 factis

113 3458 402 3536 emendationibus,
418 3458 584 3522 nonnullis
606 3458 702 3521 etiam
725 3478 742 3520 e
764 3455 898 3521 decretis
922 3458 1041 3540 Synodi
1060 3459 1162 3524 Thur-

113 3563 254 3626 lesianae
269 3544 557 3647 adjectisschema
572 3561 617 3624 sic
633 3560 836 3624 emendatum
858 3558 897 3623 ab
920 3560 1069 3626 omnibus
1091 3583 1161 3646 pro-

113 3654 303 3730 batumest.

160 3769 248 3845 Quae
264 3772 372 3831 autem
385 3768 420 3831 in
438 3767 540 3850 capite
548 3767 690 3850 proxime
704 3766 895 3850 insequenti,
908 3765 945 3829 de
961 3766 1162 3831 Sacramenta

114 3869 351 3951 Eucharistiae,
368 3868 619 3949 continebantur,
636 3875 827 3934 censuerunt
842 3868 952 3934 Patres
973 3868 1008 3934 in
1029 3870 1163 3935 formam
