2572 4410
608 392 673 459 275

114 564 216 628 totius
231 562 445 626 Parochorum
467 564 593 626 numeri
615 564 709 639 adsit,
726 562 811 626 nihil
825 567 974 643 obstabit,
992 569 1163 650 quominus

115 673 184 729 rata
198 673 231 729 et
246 666 349 729 valida
364 661 445 738 sint,
463 687 543 749 quae
558 667 592 728 in
616 667 754 729 comitiis
778 675 939 750 gerantur.
985 670 1076 733 Idem
1100 693 1163 735 ser·

114 769 254 832 vandum
278 769 339 831 erit
362 769 445 830 eirca
465 766 696 832 Canonicorum
712 789 893 846 numerum,
909 771 944 834 in
970 772 1106 835 dioecesi
1129 774 1164 835 in

115 892 178 953 qua
202 869 387 953 Capitulum
413 870 514 933 adest.
558 870 709 933 Parochis
729 892 764 933 ac
780 869 959 949 (lenonicia,
977 874 1032 956 qui
1047 873 1165 937 Vicarii

114 973 296 1049 monitioni,
313 973 379 1037 sive
394 979 521 1054 propter
535 973 699 1035 adversam
713 974 938 1051 valetudinem,
966 976 1099 1039 aliamve
1125 976 1165 1040 ob

115 1095 244 1138 causam
271 1097 380 1157 parere
417 1096 481 1137 non
512 1074 647 1150 valeant,
672 1072 821 1138 liberum'
836 1076 906 1153 erit,
935 1077 1085 1157 suffragia
1107 1100 1165 1142 sua

114 1178 242 1259 propria
256 1178 399 1259 ipsorum
414 1178 656 1259 manuscripta,
679 1178 840 1241 involucro
865 1178 1003 1260 sigillato
1029 1179 1164 1255 inclusa,

115 1287 148 1343 et
163 1279 361 1342 extrinsecus
377 1281 417 1343 ad
432 1280 614 1343 Praesidem
629 1280 758 1354 directa,
775 1281 876 1344 cuivis
891 1280 946 1342 alii
961 1280 1101 1344 Parocho
1115 1282 1165 1345 vel

116 1380 277 1446 Oanonico
314 1382 458 1464 ejusdem
491 1380 655 1445 Dioecesis
687 1382 843 1446 confidere
854 1406 864 1461 ;
892 1389 925 1445 et
947 1383 1096 1466 suffragio
1119 1385 1166 1448 sic

115 1484 235 1560 habito,
260 1492 292 1547 et
317 1485 459 1567 probato,
478 1483 588 1546 eadem
611 1484 707 1547 inerit
729 1485 789 1558 vis,
817 1506 853 1547 ac
877 1486 905 1548 si
927 1484 1087 1548 Parochus
1110 1491 1166 1548 aut

116 1584 296 1651 Canonicus
328 1587 397 1669 ipse
420 1608 570 1669 praesens
594 1586 720 1650 adesset
732 1609 741 1663 ;
766 1587 860 1650 modo
882 1588 992 1651 literae
1015 1588 1165 1651 certifica-

115 1689 216 1752 toriae
231 1688 269 1751 de
285 1689 415 1752 adversa
429 1688 500 1771 ejus
515 1689 707 1764 valetudine,
724 1709 743 1750 a
757 1689 881 1752 duobus
897 1691 975 1753 artis
990 1690 1166 1753 medicinae

116 1792 230 1874 peritis
247 1791 454 1874 subscriptae,
472 1792 511 1854 ad
527 1790 710 1854 Praesidem
725 1791 997 1854 transmittantur.
1030 1793 1166 1874 Insuper

116 1893 274 1976 parochus
289 1895 351 1957 iste
366 1893 415 1956 vel
431 1891 611 1958 Canonicus
637 1894 823 1975 priusquam
850 1894 1048 1975 suffragium,
1072 1894 1166 1956 modo

117 2017 215 2078 supra
251 1997 409 2078 descripto
438 1997 529 2072 ferat,
568 1995 712 2059 eamdem
749 1995 992 2058 declarationem
1028 1995 1165 2070 emittet,

117 2119 214 2181 quam
238 2100 335 2161 ceteri
357 2098 490 2161 Parochi
513 2120 548 2161 ac
572 2098 724 2160 Oanonici
749 2098 834 2160 inter
871 2098 999 2160 comitia
1021 2099 1166 2162 emittere

117 2221 223 2263 coram
253 2201 397 2283 praeside
434 2202 613 2277 debebunt;
649 2202 781 2283 ejusque
810 2199 1031 2262 declarationis
1061 2219 1166 2262 coram

118 2300 244 2366 duobus
259 2301 411 2367 Parochis
423 2303 472 2366 vel
483 2302 652 2368 Canonicis
662 2303 796 2365 emissae
811 2302 964 2384 probatio,
975 2302 1010 2364 in
1025 2301 1167 2364 medium

118 2405 180 2467 erit
194 2406 379 2488 proferenda
402 2425 507 2469 coram
522 2405 681 2482 Praeside,
707 2412 877 2487 antequam
903 2405 1091 2487 suffragium
1115 2405 1167 2468 ad-

119 2507 278 2571 mittatur.
325 2508 473 2571 (lomitiis
496 2509 542 2571 ita
564 2508 760 2590 compositis,
777 2528 813 2569 ac
836 2506 983 2569 Praeside
1005 2507 1170 2569 tractanda

120 2616 316 2690 proponente
354 2610 416 2673 duo
454 2611 652 2673 Scrutatores
669 2601 672 2608 ’
678 2611 771 2694 juxta
807 2614 974 2673 consuetas
1011 2629 1168 2672 canonum

120 2712 248 2786 formas,
266 2713 436 2795 eligantur.
482 2713 565 2776 Dein
583 2713 812 2794 Suffragatores
827 2710 923 2774 tactis
946 2711 1044 2775 simul
1069 2731 1168 2773 mann

120 2814 312 2894 pectoribus,
336 2834 443 2877 eoram
457 2814 526 2878 Deo
547 2837 604 2898 pro
620 2815 804 2898 aequisque
826 2813 993 2889 affimant,
1018 2835 1051 2877 se
1066 2833 1169 2896 neque

121 2916 233 2998 gratia,
250 2938 353 3000 neque
375 2918 478 2981 favore
502 2919 650 2981 inductos
674 2918 705 2981 ei
729 2915 966 2999 suffragaturos,
983 2936 1078 2999 quem
1101 2916 1169 2998 dig·

115 3037 201 3079 num
224 3016 379 3100 judicent,
406 3021 461 3103 qui
484 3019 631 3083 Dioecesi
654 3021 778 3084 vacanti
799 3019 1009 3102 praeficiatur.
1055 3016 1171 3080 Postea

122 3120 274 3203 suffragio
289 3123 323 3185 in
350 3144 464 3185 urnam
488 3123 644 3200 immisso,
671 3123 791 3205 singuli
813 3122 853 3184 ad
878 3121 1037 3204 propriam
1061 3120 1169 3184 sedem

121 3221 282 3287 recedent.

166 3323 230 3389 His
252 3327 398 3408 peractis,
431 3327 516 3391 clara
552 3327 677 3410 altaque
714 3347 788 3390 voce
817 3347 835 3389 a
867 3324 1101 3388 scrutatoribus
1131 3324 1171 3388 ad

122 3425 317 3504 Praesidem,
334 3436 366 3492 et
389 3429 571 3493 aPraeside
586 3430 626 3492 cd
650 3436 851 3504 conventum,
867 3426 1079 3491 renuntianda
1094 3434 1171 3491 sunt

121 3531 253 3592 nomina
267 3532 366 3594 trium
387 3553 497 3595 eorum
522 3533 738 3607 Sacerdotum,
762 3533 796 3594 in
825 3551 904 3614 quos
926 3530 1027 3612 major
1052 3527 1169 3592 Suffra-

121 3632 248 3714 giorum
263 3655 416 3697 numerus
434 3636 627 3699 convenerit.
673 3637 764 3698 Tunc
790 3634 932 3709 Praeses,
957 3631 1171 3695 narrationem

121 3736 339 3799 authenticam
353 3738 387 3799 in
411 3725 538 3818 seriptis
564 3738 734 3813 redactam,
761 3735 865 3819 parari
889 3754 993 3809 coram
1019 3734 1169 3812 comitiis,

121 3839 328 3922 ejusdemque
343 3839 406 3902 duo
426 3841 619 3922 exemplaria
640 3862 658 3903 a
682 3861 716 3905 se
736 3840 807 3922 ipso
830 3844 863 3900 et
887 3837 1053 3901 secretario
1077 3843 1171 3919 atque

120 3942 351 4007 scrutatoribus
367 3942 595 4026 subsignando,
617 3943 753 4008 exscribi
776 3941 910 4006 curabit.
955 3940 1008 4003 Ex
1021 3938 1095 4002 istis
1117 3960 1169 4004 ex·
