2572 4410
662 329 703 395 12

154 512 232 574 runt
255 528 289 572 se
309 528 374 572 non
396 502 502 570 solum
517 503 632 588 spiritu
647 502 881 569 ecclesiasticae
893 503 1069 570 vocationis
1090 503 1217 571 sedvel

154 612 228 696 ipsa
242 611 371 678 notione
386 607 618 692 obligationum
633 606 685 671 sui
704 612 810 672 status
824 626 897 672 osse
911 606 1097 672 destitutos.
1129 607 1216 674 Gon·

156 717 224 779 stat
244 713 363 796 pariter
394 711 433 775 de
465 708 646 776 seminariis
675 708 780 794 iisque
810 727 849 773 ex
878 708 1066 792 Majoribus,
1089 707 1219 776 dimitti

155 816 287 881 clericos
308 821 453 899 tempore
474 812 685 888 vacationum,
701 812 853 897 ipsosque
867 811 930 878 sibi
943 811 1073 878 relictos
1087 813 1122 877 in
1136 813 1217 878 oiri·

155 918 277 984 tatibus
289 918 411 1002 aliquot
422 936 550 980 menses
569 915 691 980 versari
709 936 773 979 non
793 915 862 980 sine
876 915 1027 1000 periculis
1038 936 1219 982 acmorum

155 1019 335 1104 naufragio.
380 1018 428 1083 Hi
450 1038 524 1084 vero
538 1024 650 1102 postea
663 1018 699 1082 in
714 1018 886 1082 seminaria
900 1018 1034 1082 redeunt
1051 1024 1151 1103 atque
1173 1018 1219 1084 ad

156 1144 263 1190 sacros
286 1121 415 1187 ordines
442 1127 680 1205 promoventur.
725 1120 781 1185 Nil
803 1121 905 1205 igitur
937 1121 1058 1185 mirum
1080 1122 1110 1186 si
1131 1121 1219 1187 tales

156 1246 223 1291 uon
244 1247 314 1290 raro
335 1226 370 1289 in
392 1224 549 1288 Hibernia
570 1224 621 1288 vel
651 1224 686 1286 in
718 1225 835 1289 exteris
857 1222 1109 1288 Hibemensium
1135 1224 1216 1288 mis-

157 1328 301 1393 sionibus
312 1327 516 1392 inveniantur
538 1325 729 1405 sacerdotes,
753 1327 809 1410 qui
830 1327 1036 1392 immemores
1051 1326 1147 1391 officii
1162 1327 1218 1392 sui

154 1432 190 1494 in
212 1431 462 1496 destructionem
483 1431 592 1514 potius
614 1430 758 1495 laborant
772 1452 868 1514 quam
889 1432 924 1495 in
946 1431 1216 1517 aedificationem.

156 1534 245 1611 Quae
267 1555 340 1597 cum
362 1534 409 1597 ita
431 1533 509 1611 sint,
532 1554 624 1596 mens
638 1539 689 1599 est
711 1534 897 1599 sanctitatis
913 1555 990 1598 suae
1004 1539 1041 1597 ut
1054 1531 1218 1617 Episcopi

156 1636 190 1700 in
214 1635 340 1719 Synodo
363 1635 488 1700 collecti
509 1635 637 1700 videant
658 1637 693 1700 in
725 1634 865 1701 Domino
897 1636 975 1721 quid
996 1637 1032 1700 iu
1052 1657 1122 1700 rem
1143 1636 1217 1700 fieri

156 1744 309 1823 oporteat,
333 1744 366 1802 et
388 1739 417 1803 si
439 1760 519 1822 quae
542 1739 608 1804 sint
631 1758 782 1823 suprema
814 1740 1002 1805 auctoritate
1024 1737 1215 1816 roboranda,

156 1863 193 1908 ea
216 1841 349 1906 Sanctae
373 1841 448 1906 Sodi
469 1843 973 1926 proponerenepraetermittaut.

197 1945 336 2028 Insuper
356 1964 421 2009 non
442 1945 536 2028 pauci
568 1966 625 2029 per
657 1944 848 2010 Hiberniam
881 1952 1058 2030 queruntur
1078 1945 1153 2009 laici
1176 1946 1216 2010 de

154 2048 287 2114 avaritia
308 2047 506 2124 clericorum,
531 2046 616 2134 quod
638 2048 785 2113 videlicet
806 2047 846 2113 ab
868 2049 915 2113 eis
930 2048 1005 2131 plus
1028 2070 1128 2132 aequo
1142 2068 1215 2131 gra·

153 2156 267 2215 ventur
289 2150 367 2214 dum
388 2171 453 2215 non
465 2150 583 2216 desunt
604 2151 784 2216 sacerdotes
804 2151 860 2235 qui
882 2151 994 2215 volunt
1005 2149 1121 2216 divites
1143 2148 1217 2216 fieri

153 2260 209 2317 aut
227 2255 283 2337 qui
297 2255 446 2337 ingentes
464 2255 561 2318 etiam
573 2255 701 2319 divitias
719 2258 960 2338 congesserunt.
1005 2252 1217 2337 PorroEpis·

154 2355 455 2438 copiHibernenses
477 2357 657 2421 iuratam
679 2359 766 2440 gravi
798 2357 933 2421 minime
955 2356 1156 2441 negligentes
1181 2380 1217 2424 se

152 2458 388 2541 praebuerunt;
412 2464 445 2522 at
467 2458 571 2523 multo
603 2461 727 2542 majora
748 2459 788 2524 ab
810 2481 920 2524 eorum
942 2460 1049 2526 studio
1071 2479 1111 2524 ae
1132 2461 1216 2545 vigi·

153 2561 255 2624 lautia
291 2565 508 2644 expectantur.
566 2561 751 2626 Curandum
783 2563 885 2645 igitur
916 2568 953 2627 ut
986 2563 1026 2626 ad
1047 2563 1217 2629 tramitem

153 2662 324 2746 aequitatis
347 2661 577 2728 determinatae
599 2684 730 2730 normae
762 2666 947 2732 statuantur
968 2663 1052 2730 circa
1071 2666 1108 2730 id
1128 2666 1218 2750 quod

155 2763 333 2830 sacerdotes
354 2765 451 2830 titulo
472 2765 626 2831 honestae
661 2769 906 2834 sustentationis
928 2769 1053 2852 exigere
1075 2774 1216 2852 possunt

154 2875 250 2952 atque
271 2869 328 2933 ubi
350 2868 509 2952 ejusmodi
531 2891 661 2935 normae
682 2872 897 2955 praescriptae
922 2872 995 2953 jam
1018 2877 1106 2950 sunt,
1129 2871 1217 2936 nihil

154 2972 369 3037 omittendum
391 2978 429 3036 ut
450 2973 648 3039 adamussim
670 2973 887 3039 observentur.
922 2974 1154 3039 Verumtamen
1177 2980 1216 3040 ut

153 3074 276 3140 malum
299 3075 338 3138 de
361 3096 424 3160 quo
446 3077 552 3160 agitur
574 3077 609 3140 in
630 3076 738 3142 radice
760 3083 900 3156 curetur,
916 3098 1046 3143 necesse
1061 3084 1111 3142 est
1126 3077 1216 3142 utin

152 3178 285 3242 clericos
306 3179 415 3242 rectus
448 3180 608 3244 sentiendi
629 3182 745 3246 modus
766 3179 947 3260 inducatur,
971 3180 1057 3266 quod
1078 3202 1097 3244 a
1119 3181 1215 3263 spiri-

153 3280 235 3344 tuali
256 3300 368 3345 eorum
390 3280 515 3346 cultura
532 3288 626 3367 atque
643 3284 850 3349 institutione
864 3284 1071 3367 potissimum
1082 3283 1214 3367 pendet.

152 3385 271 3448 Annua
292 3383 368 3447 hinc
391 3385 540 3449 exercitia
571 3387 754 3470 spiritualia
775 3409 794 3451 a
817 3387 1033 3452 sacerdotibus
1055 3386 1214 3465 obeunda,

153 3484 212 3550 sed
231 3487 419 3568 praesertim
440 3488 476 3552 in
498 3489 678 3554 seminariis
700 3490 923 3556 ecclesiasticis
945 3490 1079 3572 spiritus
1104 3488 1214 3553 infun·

153 3587 286 3653 dendus.
332 3589 416 3654 Item
438 3591 473 3654 in
495 3590 680 3657 ordinandis
703 3615 767 3657 non
788 3593 955 3676 ingenium
970 3598 1102 3657 tantum
1117 3597 1215 3676 atque

153 3691 297 3756 doctrina
319 3693 375 3757 sed
397 3693 494 3758 etiam
517 3716 552 3759 ac
573 3697 765 3779 praesertim
798 3696 981 3761 innocentia
1011 3695 1095 3760 vitae
1117 3699 1215 3778 atque

153 3800 300 3858 aeternae
323 3794 439 3861 salutis
461 3798 606 3864 studium
629 3800 807 3883 quaerenda
829 3804 917 3864 sunt.

195 3897 284 3961 Illud
316 3897 452 3983 danique
473 3902 762 3968 commendandum
783 3910 821 3967 ut
842 3902 882 3968 ab
904 3901 1075 3986 Episcopis
1097 3919 1212 3984 oppor-
