2572 4410
618 296 739 363 258·

124 488 130 497 ·
165 471 295 536 Praeter
308 469 369 536 hos
382 469 540 534 hactenus
554 469 742 549 recensitos,
758 489 814 535 eos
828 489 956 556 quoque
970 491 1052 556 quos
1069 468 1180 540 Sacro·

121 580 271 642 sanatum
293 572 476 639 Concilium
499 572 738 651 Tridentium,
770 573 836 638 sive
858 580 1019 640 reservata
1049 595 1181 642 summo

120 675 272 742 Pontifici
287 682 344 740 aut
359 674 537 742 Ordinariis
551 675 763 753 absolutione,
780 677 848 741 sive
863 676 983 762 absque
996 676 1065 742 ulla
1079 700 1180 743 reser-

119 781 248 847 vatione
270 780 570 856 excommunicavit,
586 778 657 843 No's
676 779 796 863 pariter
814 779 862 844 ita
883 782 1181 848 excommunicatos

118 903 192 949 esse
207 882 433 948 declaramus:
458 888 589 967 excepta
614 881 832 947 anathematis
854 902 958 967 poena
978 883 1014 947 in
1040 881 1180 950 Decreta

120 984 209 1054 sess.
225 986 284 1051 IV.
301 988 352 1050 De
392 985 529 1049 editione
556 993 586 1048 ct
612 1005 674 1048 aaa
705 987 879 1050 Socratica
900 978 1075 1050 Iribrodum
1106 1009 1179 1052 con·

117 1091 248 1168 stituta,
264 1091 316 1153 cui
337 1088 412 1153 illos
427 1090 555 1153 tantum
579 1086 740 1173 subjacare
753 1088 916 1169 volumus,
932 1090 989 1173 qui
1008 1087 1112 1155 libros
1141 1090 1178 1155 de

116 1191 214 1257 rebus
230 1192 335 1256 Sacris
357 1197 534 1255 tractantes
550 1192 619 1256 sine
634 1191 795 1256 Ordinarii
817 1190 1048 1276 approbatione
1068 1194 1176 1279 impri-

117 1301 224 1373 munt,
241 1296 297 1359 aut
309 1295 452 1378 imprimi
467 1295 601 1359 faciunt.
1053 1299 1057 1307 '

119 1555 362 1620 Susrnrvsrorvns
416 1572 520 1618 aaran
581 1553 791 1619 Snvrnurmn
842 1552 961 1623 Sanno
1005 1553 1176 1620 Pcrvrrrrcr

539 1675 761 1722 aasnavrrnn.

162 1827 193 1890 1.
213 1825 467 1911 Suspensionem
481 1827 555 1911 ipso
572 1826 655 1890 facto
669 1826 840 1891 incurrunt
855 1846 874 1889 a
890 1845 1023 1890 suorum
1046 1822 1175 1889 Benefi-

117 1928 240 1994 ciorum
262 1931 464 2013 perceptione
487 1929 527 1993 ad
549 1928 785 2012 beneplacitum
813 1929 847 1993 S.
866 1928 958 1993 Sedis
975 1928 1128 2012 capitula
1147 1932 1179 1991 et

117 2031 304 2097 Conventus
319 2032 541 2096 Ecclesiarum
557 2037 590 2095 et
611 2031 883 2096 Monasteriorum
905 2032 1023 2116 aliique
1052 2050 1176 2107 omnes,

116 2135 173 2219 qui
188 2135 228 2197 ad
243 2134 372 2198 illarum
395 2157 452 2200 seu
481 2135 613 2200 illorum
636 2135 779 2218 regimen
795 2135 828 2199 et
858 2134 1178 2199 administrationem

114 2233 274 2320 recipiunt
299 2239 479 2323 Episcopos
509 2239 628 2302 aliosve
651 2237 814 2302 Praelatos
845 2237 885 2302 de
907 2236 1082 2320 praedictis
1112 2237 1175 2300 Ec·

114 2338 221 2404 clesiis
252 2361 309 2406 seu
332 2340 541 2406 Monasteriis
564 2341 649 2424 apud
679 2341 825 2405 eamdem
850 2338 885 2406 S.
915 2338 1034 2406 Sedem
1062 2339 1179 2423 quovis

113 2443 210 2507 modo
219 2446 375 2528 provisos,
389 2450 560 2528 antequam
571 2444 636 2527 ipsi
652 2442 857 2509 exhibuerint
868 2442 1013 2508 Litteras
1023 2441 1178 2525 apostoli·

115 2565 169 2608 cas
183 2545 224 2609 de
239 2567 297 2610 sua
311 2549 521 2630 promotione.

159 2647 192 2711 2.
210 2646 462 2732 suspensionem
485 2669 543 2733 per
572 2650 752 2713 triennium
775 2672 793 2713 a
823 2646 994 2714 collatione
1017 2645 1179 2734 Ordinum

113 2751 185 2833 ipso
204 2752 277 2834 jure
299 2753 469 2816 incurrunt
478 2752 617 2835 aliquem
633 2754 819 2817 ordinantes
834 2751 954 2836 absque
969 2752 1065 2815 titulo
1081 2749 1179 2814 bene-

116 2851 192 2932 ficii,
208 2855 259 2918 vel
283 2856 468 2938 patrimonii
487 2873 562 2917 cum
583 2861 676 2939 pacto
693 2858 730 2921 ut
753 2857 920 2920 ordinatus
943 2873 1009 2918 non
1029 2859 1120 2938 petat
1138 2851 1178 2916 ab

114 2956 198 3040 ipsis
212 2958 379 3021 alimenta.

161 3061 193 3123 3.
220 3061 473 3145 Suspensioncm
496 3087 553 3150 per
575 3084 697 3130 annum
719 3060 759 3125 ab
788 3060 941 3125 ordinum
971 3057 1179 3123 administra·

114 3162 203 3226 tione
225 3164 295 3248 ipsc
322 3166 394 3248 jure
417 3168 590 3233 incurrunt
620 3166 816 3230 Ordinantes
844 3163 986 3226 alienum
1009 3159 1180 3225 subditum

114 3267 212 3329 etiam
236 3267 297 3330 sub
323 3276 490 3352 praetextu
515 3269 663 3335 beneficii
680 3269 791 3334 statim
815 3263 1010 3340 conferendi,
1028 3267 1085 3326 aut
1105 3263 1179 3346 jam

113 3368 230 3446 collati,
247 3371 304 3434 sed
316 3374 450 3437 minime
463 3372 664 3448 sufficientis,
677 3370 797 3454 absque
812 3369 882 3452 ejus
893 3366 1049 3451 Episcopi
1057 3365 1180 3430 litteris

113 3471 394 3552 dimissorialibus‚
420 3475 470 3540 vel
503 3477 601 3539 etiam
617 3474 783 3540 subditum
806 3471 982 3555 proprium,
1013 3467 1070 3551 qui
1100 3466 1180 3531 alibi

113 3580 205 3640 tanto
228 3583 371 3661 tempore
395 3585 541 3643 moratus
569 3579 622 3656 sit,
638 3578 675 3642 ut
691 3576 881 3640 canonicum
907 3570 1179 3656 impedimentum

113 3678 299 3744 contrahere
313 3680 359 3745 ibi
384 3682 537 3767 potuerit,
563 3680 683 3766 absque
699 3678 862 3746 Ordinarii
877 3677 948 3760 ejus
973 3674 1035 3739 loci
1057 3671 1180 3738 litteris

112 3782 398 3848 testimonialibus.

155 3886 189 3949 4.
215 3885 465 3971 suspensionem
486 3909 543 3974 per
567 3908 688 3952 annum
704 3907 723 3950 a
737 3883 905 3951 collatione
929 3879 1080 3946 ordinum
1105 3879 1180 3964 ipso
