2572 4410
608 366 671 434 117

580 548 701 614 XXIV.

507 719 552 765 DE
567 721 776 767 MONIALIBUS.

160 858 233 922 232.
258 855 446 921 Uberrimas
460 854 620 938 imprimis
632 856 751 938 gratias
766 855 905 939 agendas
919 877 1087 922 censemus
1099 880 1171 924 esse

119 962 194 1038 Deo,
212 961 269 1044 qui
282 959 462 1023 Ecclesiam
475 959 510 1022 in
525 946 584 1022 hac
600 959 728 1042 regione
743 959 890 1041 plurimis
902 962 1116 1038 monasteriis,
1129 962 1169 1026 ad

116 1069 218 1130 varias
233 1063 455 1147 religiosarum
470 1062 663 1125 seminarum
677 1063 815 1125 familias
828 1064 1057 1146 spectantibus,
1068 1065 1168 1130 ditare

115 1169 352 1252 dignatusest.
397 1164 448 1229 Ab
469 1165 657 1248 hujusmodi
679 1166 836 1249 piissimis
859 1168 988 1231 feminis
1014 1189 1170 1252 pauperes

115 1272 220 1336 nostri
235 1270 452 1346 sublevantur,
468 1269 594 1352 puellae
609 1289 674 1332 non
691 1269 795 1332 solum
811 1270 845 1331 in
860 1269 977 1334 litteris
1000 1271 1067 1349 sed,
1084 1272 1169 1356 quod

113 1376 211 1459 longe
228 1373 358 1457 majoris
381 1377 431 1435 est
452 1372 619 1447 momenti,
644 1372 678 1434 in
702 1371 764 1434 fide
783 1376 815 1434 et
830 1373 980 1437 omnibus
995 1374 1170 1441 virtutibus

114 1478 328 1543 erudiuntur:
353 1476 474 1559 aegroti
487 1476 522 1538 in
538 1496 667 1558 corpore
690 1480 723 1537 et
746 1475 860 1557 spiritu
876 1476 1048 1558 juvantur:
1073 1479 1168 1542 mori-

113 1581 217 1646 bundi
246 1581 280 1643 in
311 1601 400 1662 spem
428 1578 539 1642 beatae
569 1579 651 1641 vitae
689 1579 856 1663 eriguntur
892 1586 925 1644 et
954 1583 1169 1647 consolatione

114 1685 290 1769 replentur.
334 1683 484 1746 Eximios
508 1704 582 1746 vero
604 1681 700 1745 hosce
726 1683 851 1746 fructus
874 1685 909 1746 in
935 1682 1118 1749 Ecclesiam
1139 1693 1173 1750 et
1209 1709 1213 1719 ·

116 1789 320 1864 Societatem,
336 1808 392 1868 pro
408 1806 524 1868 magna
538 1790 639 1869 parte,
664 1806 703 1847 ex
725 1785 1022 1852 Constitutionibus
1048 1795 1081 1853 et
1107 1789 1168 1853 Re·

114 1893 202 1976 gulis
217 1890 451 1974 praedictarum
462 1889 656 1952 familiarum
668 1895 810 1952 accurate
822 1889 995 1954 observatis
1007 1892 1170 1956 dimanare

114 2015 306 2079 persuasum
317 1992 484 2056 habemus.
529 1992 744 2055 Vehementer
758 1993 866 2076 itaque
882 2000 1040 2076 optamus,
1053 2001 1090 2058 ut
1100 1996 1172 2078 ipsa

115 2099 310 2163 monasteria
334 2118 469 2161 numero
494 2102 708 2172 concrescant,
737 2103 768 2159 et
790 2097 907 2160 iisdem
938 2097 977 2161 ab
1000 2098 1170 2182 Episcopis

115 2203 224 2267 omnia
257 2201 414 2284 praesidia
450 2200 562 2264 sedulo
600 2199 898 2277 subministrentur,
938 2221 1073 2283 quorum
1111 2222 1171 2284 ope

114 2307 238 2370 dicatae
253 2306 322 2368 Deo
337 2304 477 2386 virgines
502 2303 537 2366 in
559 2304 703 2367 instituti
719 2301 873 2386 cujusque
888 2305 1048 2387 primitivo
1064 2305 1170 2387 vigore

114 2415 269 2494 perpetuo
279 2409 492 2491 perseverent,
505 2409 639 2470 servatis
654 2407 922 2470 monasteriorum
937 2413 1171 2490 exemptorum,

116 2511 146 2577 si
162 2533 242 2596 quae
257 2513 335 2589 sint,
352 2508 509 2593 legitimis
524 2511 708 2593 privilegiis

161 2617 237 2685 233.
262 2616 456 2698 Magnopere
496 2619 662 2698 propterea
702 2613 931 2691 desideramus,
964 2621 1002 2678 ut
1035 2615 1172 2699 quisque

116 2720 297 2801 Episcopus
313 2739 370 2801 per
386 2738 430 2793 se,
447 2716 497 2779 vel
512 2717 625 2780 saltem
648 2737 705 2799 per
727 2715 900 2779 discretum
916 2718 1055 2801 aliquem
1071 2739 1170 2782 sacer-

115 2823 225 2885 dotem
241 2821 280 2884 ad
299 2820 334 2883 id
356 2820 534 2903 specialiter
560 2819 779 2904 deputandum
794 2820 1010 2884 visitationem
1026 2822 1172 2884 omnium

117 2926 181 2990 sibi
218 2924 420 2989 subditarum
444 2924 633 2986 monialium
657 2923 828 3007 quotannis
859 2930 1002 2987 accurate
1029 2932 1169 3007 peragat.

115 3028 249 3091 Nemini
271 3033 378 3090 tamen
410 3027 505 3090 liceat
538 3026 782 3090 constitutiones
814 3031 846 3088 et
879 3027 1017 3109 regulas
1049 3048 1171 3110 quaea

119 3130 201 3195 Sede
217 3130 399 3214 Apostolica
414 3129 602 3214 approbatae
618 3135 706 3207 sunt,
723 3129 886 3192 ullatenus
901 3131 1082 3192 immutare.

163 3235 239 3299 234.
262 3234 443 3315 Diligenter
456 3234 598 3317 inquirat
613 3234 792 3316 Episcopus
802 3255 843 3296 an
852 3238 1044 3296 memoratae
1054 3234 1170 3296 consti·

119 3339 263 3403 tutiones
286 3344 318 3400 et
340 3338 469 3420 regulae
484 3337 545 3400 rite
561 3357 596 3399 ac
611 3337 819 3412 adamussim,
836 3341 906 3399 tum
921 3335 955 3398 in
971 3336 1078 3398 littera
1100 3342 1172 3398 tum

119 3444 154 3505 in
168 3442 295 3523 spiritu,
312 3441 379 3504 sint
392 3441 427 3503 in
443 3439 584 3523 quolibet
600 3446 757 3503 conventu
773 3446 828 3503 aut
851 3439 1044 3503 monasterio
1066 3439 1174 3502 obser-

120 3551 232 3610 vatae:
256 3543 342 3607 unde
365 3545 467 3607 caveri
489 3544 602 3626 possit,
627 3565 667 3606 ne
692 3542 758 3606 ulla
784 3543 934 3606 relaxatio
959 3543 1079 3605 sensim
1103 3543 1172 3606 sine

122 3671 219 3714 sensu
234 3648 362 3730 irrepat.

165 3754 240 3817 235.
263 3751 438 3835 Nunquam
461 3757 574 3815 exeant
588 3751 746 3815 Moniales
762 3773 779 3814 e
795 3751 894 3834 septis
909 3749 1094 3813 monasterii
1109 3750 1173 3813 nisi

118 3859 212 3940 juxta
227 3857 460 3940 praescriptum
482 3856 610 3940 regulae
626 3861 682 3919 aut
696 3877 735 3920 er
750 3874 846 3919 causa
857 3854 945 3938 gravi
956 3873 1029 3917 cum
1045 3853 1174 3916 licentia

121 3960 285 4044 Episcopi.
