2572 4410
576 314 617 380 98

72 500 94 531 “
106 517 204 583 quam
224 517 335 562 eorum
354 496 419 560 vita
441 503 473 561 et
494 500 676 583 exemplum
698 499 802 581 quise
817 497 924 563 divino
939 501 1118 569 ministerio

73 603 300 666 “dedicarunt
346 601 429 663 Oum
438 601 525 664 enim
536 602 660 665 arcbus
669 600 786 664 saeculi
796 601 830 663 in
842 600 987 665 altiorem
999 604 1116 670 sublati

69 706 212 770 “locum
228 704 473 786 conspiciantur,
491 704 524 767 iu
538 726 592 770 eos
607 710 758 787 tanquam
774 704 808 767 in
824 706 987 785 speculum
1002 707 1117 790 reliqui

68 809 216 874 “oculos
245 809 429 892 conjiciunt,
459 829 499 872 ex
526 811 630 892 iisque
660 815 793 873 sumunt
821 809 907 892 quod
934 811 1113 877 imitentur.

67 914 304 996 “Quapropter
326 913 371 975 sic
386 912 476 977 decet
498 915 628 977 omnino
650 913 779 977 clericos
800 914 836 975 in
852 919 969 977 sortem
984 916 1117 980 Domini
1212 912 1216 927 '

66 1021 90 1050 ‘⁴
101 1019 337 1097 rocatosvitam
345 1037 512 1100 moresque
523 1038 928 1099 suosomnescompouere;
945 1019 1115 1099 athabitu,

62 1127 90 1155 “
103 1130 212 1208 gestu,
228 1124 367 1197 incessu,
385 1143 529 1187 sermone
544 1123 677 1205 aliisque
692 1122 841 1186 omnibus
861 1123 967 1201 rebus,
983 1124 1030 1187 nil
1053 1127 1118 1191 nisi

61 1229 210 1310 “grave,
234 1225 433 1288 moderatum
456 1245 492 1288 ac
512 1225 665 1307 religione
686 1225 818 1308 plenum
840 1246 914 1307 prae
937 1246 971 1288 se
992 1229 1115 1295 forant:

62 1332 91 1360 “
100 1328 187 1392 levia
195 1328 292 1391 etiam
304 1327 428 1403 delicta,
440 1349 520 1410 quae
530 1329 565 1390 in
577 1328 657 1410 ipsis
668 1328 808 1390 maxima
819 1334 936 1406 essent,
950 1330 1113 1414 effugiant,

64 1440 90 1469 “
102 1442 145 1500 ut
161 1457 270 1500 eorum
285 1436 426 1498 actiones
435 1437 559 1498 cunctis
571 1436 703 1498 afferant
712 1435 978 1500 venerationem.’'
1006 1436 1113 1515 (Cone

63 1543 162 1607 Trio.
179 1562 258 1605 sess.
274 1542 348 1604 xxii.
363 1541 403 1604 de
417 1540 558 1615 Reform,
576 1560 603 1602 c.
620 1539 656 1616 i.)

113 1647 191 1710 114.
214 1646 355 1729 Fugiunt
380 1645 479 1728 igitur
503 1644 608 1707 clerici
628 1665 664 1707 ea
684 1644 790 1706 omnia
816 1664 897 1726 quae
922 1665 987 1708 non
1018 1646 1121 1709 solum

65 1751 252 1832 deturpant,
278 1747 506 1810 verumetiam
532 1745 685 1809 dedecent
707 1745 780 1810 illos
801 1747 857 1830 qui
881 1747 916 1810 in
942 1748 1037 1811 terris
1064 1769 1121 1831 pro

68 1853 203 1918 Christo
217 1852 375 1935 legatione
390 1852 580 1933 funguntur.

115 1956 191 2019 115.
220 1955 372 2018 Convivia
395 1952 604 2016 saecularium
630 1953 841 2034 frequentiora
860 1955 1048 2035 praesertim
1072 1955 1120 2017 in·

67 2058 271 2139 tempestiva,
295 2055 382 2118 haud
407 2060 605 2137 aucupentur
626 2075 683 2117 nec
706 2060 823 2129 ament,
847 2075 1003 2118 memores
1025 2056 1121 2120 istius

71 2160 104 2222 S.
132 2159 323 2239 Hieronymi
345 2156 491 2220 consilii:
518 2159 709 2238 “nunquam
735 2161 891 2238 petentes,
916 2177 986 2221 raro
1008 2158 1120 2240 accipi-

72 2266 200 2326 “amus
217 2263 352 2345 rogati.'’
426 2293 428 2299 ·

118 2367 192 2429 116.
209 2367 260 2430 Ab
272 2366 360 2429 omni
369 2366 472 2447 specie
483 2365 745 2446 intemperantiae
755 2368 788 2426 et
797 2363 1121 2439 ebrietatis‚omnium

71 2469 224 2532 vitiorum
235 2468 356 2531 fomitis
367 2487 402 2529 ac
414 2467 559 2542 nutricis,
572 2486 703 2548 prorsus
719 2465 915 2530 abhorreant.
954 2457 1119 2550 Tanquam

72 2571 217 2635 medium
231 2570 366 2652 perutile
381 2568 624 2651 temperantiam
647 2568 772 2631 fovendi
787 2574 818 2631 et
832 2569 976 2632 fidelium
999 2572 1122 2634 animos

72 2675 113 2738 od
141 2693 282 2738 amorem
312 2673 445 2755 hujusce
474 2672 603 2735 virtutis
633 2671 802 2747 alliciendi,
837 2673 928 2739 enixe
957 2673 1123 2736 hortamur

73 2783 203 2841 nostros
218 2774 395 2838 sacerdotes
410 2779 516 2856 apotu
531 2773 711 2848 inebrianti,
729 2774 825 2836 etiam
836 2774 871 2836 in
887 2775 1009 2837 modica
1024 2795 1122 2858 quan·

72 2885 178 2957 titate,
196 2901 288 2963 saepe
303 2880 489 2962 praesertim
505 2883 644 2960 sumpto,
661 2884 752 2941 caute
767 2877 935 2941 abstinere.
973 2879 1125 2962 Hospitio

73 2990 107 3048 et
132 3003 292 3065 cauponas
315 3002 380 3044 non
414 2979 644 3062 ingrediantur.
702 2981 736 3042 Si
767 2980 838 3063 quis
867 3001 939 3043 vero
962 2980 1125 3044 ebrietatis

71 3087 261 3170 praesertim
276 3085 420 3168 publicae
442 3105 517 3147 reus
539 3084 646 3159 fuerit,
663 3083 755 3146 illum
771 3085 991 3149 ecclesiasticis
1013 3086 1124 3167 poenis

71 3192 210 3276 graviter
224 3189 428 3273 plectendum
444 3207 514 3253 esse
529 3188 735 3252 declaramus.

119 3298 193 3363 117.
218 3294 358 3358 Choreas
373 3298 406 3356 et
422 3292 607 3356 saltationes
621 3297 690 3355 tam
705 3290 857 3374 publicas,
874 3313 969 3375 quam
984 3288 1125 3375 privatas

72 3399 206 3462 omnino
221 3397 426 3479 fugientum
441 3415 495 3457 eas
510 3394 691 3502 irwtucnt,
702 3415 760 3457 nec
775 3393 840 3458 ullo
855 3394 949 3458 modo
964 3413 1124 3476 promove·

72 3507 132 3565 ant
146 3499 251 3563 clerici
266 3499 331 3561 sive
346 3497 528 3587 saeculares
537 3496 602 3559 sive
617 3495 786 3578 regulares.

121 3604 193 3666 118.
217 3601 246 3662 Α
268 3599 407 3683 publicis
429 3586 583 3682 equorum
599 3598 755 3675 cursibus,
772 3600 971 3662 avenatione
987 3619 1066 3682 quae
1088 3598 1126 3662 fit

73 3725 150 3769 cum
177 3724 294 3786 magno
319 3703 464 3777 clamore,
489 3701 580 3783 equis
600 3706 632 3765 et
657 3700 798 3776 canibus,
827 3706 859 3763 et
881 3722 899 3763 a
925 3699 1124 3763 theatrorum

73 3805 279 3890 publicorum
294 3822 555 3886 quorumcunque
571 3801 768 3884 spectaculis,
786 3801 881 3863 etiam
897 3800 938 3862 iis
953 3821 1033 3882 quae
1044 3821 1126 3862 nun·

71 3917 232 3993 cupantur
256 3928 351 3990 opera
381 3907 504 3970 scenica
529 3911 561 3969 et
587 3906 687 3968 circos
702 3905 869 3989 equestris,
885 3925 1015 3988 prorsus
1030 3903 1127 3968 absti-
