2572 4410
622 331 666 394 88

163 520 217 586 95.
243 517 409 601 Sapienter
428 514 561 596 insuper
582 514 617 576 in
638 512 802 577 Ecclesiae
817 510 992 577 canonibus
1005 515 1169 598 provisum

119 626 180 698 ast,
197 620 341 686 ordinem
355 616 525 702 quemdam
543 615 748 699 judiciarium
762 615 797 677 in
814 612 868 678 his
889 616 1001 699 poenis
1017 616 1170 682 adversus

119 725 201 808 legis
213 728 463 804 transgressores
475 717 657 801 infligendis
669 715 859 781 servandum
871 737 952 794 esse,
966 738 1028 800 qno
1039 718 1170 802 plenius

120 821 545 909 exquiraturcausaeveritas
555 818 1170 902 atqueliberasesedefendendifacnltas

119 949 173 992 reo
202 926 369 991 tribuatur.
414 921 609 1004 Quandoque
630 927 739 985 tamen
760 922 808 984 fas
831 925 881 984 est
907 920 1025 1006 absque
1053 922 1170 1008 hujus-

118 1032 206 1096 modi
224 1030 338 1115 judicii
352 1029 454 1091 forma
477 1032 572 1111 atque
594 1027 737 1111 inspecta
753 1026 820 1090 sola
845 1027 920 1089 facti
934 1029 1078 1107 veritate,
1095 1051 1170 1096 reos

119 1135 224 1198 ferire.
272 1132 382 1208 (Gonc.
399 1128 486 1192 Trid.
501 1150 581 1194 sess.
598 1151 667 1193 xxv.
683 1128 722 1192 de
736 1129 821 1206 Res,
837 1149 905 1212 cap.
923 1130 990 1207 14).

163 1235 217 1302 96.
240 1234 315 1296 Ηι16
331 1238 453 1316 spectat
466 1232 602 1296 facultas
616 1231 672 1294 illa
687 1232 940 1315 suspensionem,
957 1237 995 1296 ut
1009 1233 1112 1311 aiunt,
1129 1255 1171 1300 ex

118 1340 292 1421 informato
307 1337 506 1416 conscientia,
522 1338 557 1399 in
572 1337 763 1421 quibusdam
778 1358 884 1401 rerum
899 1338 1058 1421 adjunctis
1082 1341 1171 1404 infli-

119 1442 226 1524 gendi,
240 1461 318 1524 quae
334 1461 373 1502 ex
387 1439 523 1522 quodam
539 1439 675 1503 Concilii
685 1439 865 1503 Tridentini
877 1440 1001 1505 decreto
1014 1440 1170 1522 derivata,

119 1567 138 1609 a
161 1546 254 1609 Sacra
276 1544 529 1626 congregatione
551 1543 695 1627 ejusdem
711 1543 845 1608 Consilii
860 1545 1033 1628 interprete
1046 1547 1170 1613 iterum

117 1669 153 1712 ac
166 1647 292 1731 saepius
304 1646 445 1728 exposita
454 1651 511 1709 est.
558 1645 693 1723 (Concil.
706 1645 794 1710 Trid.
805 1666 885 1710 sess.
895 1647 959 1711 xiv.
972 1647 1011 1711 de
1021 1647 1169 1716 Reform.

117 1771 186 1834 cap.
211 1750 251 1812 1:
275 1749 398 1811 Decret.
424 1747 456 1809 S.
480 1749 513 1811 Ο.
539 1746 725 1811 (16161124
751 1748 843 1824 Non,
873 1748 979 1817 1657:
1006 1750 1047 1813 16
1073 1751 1169 1831 Dec„

119 1856 224 1922 1730:
248 1854 290 1916 20
305 1852 390 1935 Aug.
409 1853 515 1918 1735:
540 1852 622 1915 Ben.
637 1851 726 1916 XIV.
750 1852 799 1915 De
823 1852 899 1935 Syn.
923 1851 979 1917 lib.
1002 1854 1069 1931 xii,
1087 1876 1114 1919 c.
1133 1859 1169 1935 8,

116 1981 150 2024 n.
166 1955 214 2043 3).
259 1957 370 2040 Neque
380 1962 488 2020 tamen
503 1957 549 2019 ita
563 1977 712 2019 concessa
724 1962 773 2020 est
784 1955 863 2019 haec
874 1954 1008 2021 facultas
1019 1963 1057 2022 ut
1067 1957 1169 2043 Epis-

115 2088 193 2151 copo
218 2087 255 2130 oa
276 2066 325 2128 uti
345 2066 439 2128 liceat
461 2065 535 2143 nisi,
552 2085 647 2128 cansa
669 2065 749 2128 bene
771 2086 937 2148 perpensa,
953 2067 1017 2150 ipsi
1041 2075 1170 2135 constet

117 2172 237 2235 crimen
253 2172 293 2235 iis
308 2171 481 2233 momentis
496 2170 674 2233 confirmari
684 2190 764 2252 quae
778 2169 818 2232 ad
832 2170 980 2234 Sanctam
997 2171 1122 2252 Sedem,
1139 2176 1169 2238 si

117 2295 198 2359 opus
221 2277 316 2339 fuerit
339 2274 452 2350 delata,
477 2296 567 2337 reum
590 2274 724 2357 dignum
746 2275 845 2338 luisse
867 2274 1088 2340 demonstrent
1109 2279 1169 2362 qui

116 2398 219 2459 poena
233 2384 300 2441 tam
315 2377 402 2458 gravi
417 2376 616 2458 plecteretur.

160 2481 214 2546 97.
238 2478 330 2555 Quod
346 2478 475 2540 demum
488 2484 610 2560 spectat
621 2477 660 2540 ad
672 2499 822 2543 censuras
838 2500 856 2541 a
869 2500 1016 2562 suprema
1027 2478 1167 2546 Romani

117 2582 285 2646 Pontificio
312 2582 500 2645 auctoritate
529 2587 666 2645 statutas
693 2603 772 2665 qnae
794 2604 850 2667 por
864 2584 1044 2648 universam
1055 2587 1166 2669 vigent

116 2684 305 2763 Ecclesiam,
323 2705 377 2747 eae
393 2683 522 2766 quidem
548 2684 583 2746 in
605 2684 700 2748 variis
723 2685 800 2748 olim
826 2687 911 2769 juris
926 2689 1070 2751 canonici
1085 2688 1165 2753 locis

119 2787 280 2871 dispersae
306 2786 495 2850 existebant.
550 2786 633 2850 (lum
655 2793 764 2850 autem
786 2808 841 2851 eae
857 2810 936 2872 quae
951 2811 1008 2873 per
1030 2791 1165 2854 modum

117 2889 200 2953 latae
223 2890 394 2953 scismatica
421 2909 478 2953 seu
506 2888 574 2970 ipso
594 2889 686 2970 fecto
715 2889 932 2967 incurrendae,
948 2913 1004 2974 per
1020 2893 1165 2975 singulas

117 2995 236 3056 aetates
257 2993 476 3076 promulgatae
496 3012 649 3074 magnum
664 2991 888 3055 adnumerum
911 2994 1031 3057 sensim
1058 3016 1164 3058 excre-

116 3097 248 3175 vissent,
264 3097 418 3181 quaedam
434 3097 540 3174 etiam,
557 3096 753 3179 temporibus
768 3096 972 3180 moribusque
985 3100 1128 3176 mutatis,
1146 3123 1165 3164 a

116 3199 179 3264 fine
195 3206 288 3284 atque
304 3202 408 3266 causis
431 3200 470 3266 ob
486 3220 565 3284 quas
587 3201 755 3284 impositae
770 3201 905 3279 fuerant,
922 3201 972 3265 vel
986 3225 1006 3266 a
1026 3204 1165 3286 pristina

115 3303 254 3367 utilitate
264 3309 357 3387 atque
369 3304 603 3387 opportunitate
614 3304 956 3387 excidissent,eamque
967 3304 1007 3367 ob
1019 3326 1086 3368 rem
1096 3327 1163 3369 non

114 3406 332 3490 infrequentes
348 3406 410 3469 orti
434 3412 553 3484 essent,
572 3405 687 3468 sivein
702 3405 875 3489 iisqnibus
890 3407 1071 3470 animarum
1088 3428 1165 3472 cura

115 3512 286 3576 commissa
301 3517 350 3575 cst
366 3511 478 3575 sivein
494 3511 573 3593 ipsis
596 3510 754 3588 fidelibus,
771 3509 951 3575 dubietates
967 3531 1165 3594 angoresque

116 3615 337 3689 eonscientiae,
353 3612 406 3676 his
421 3613 514 3675 malis
529 3633 690 3677 occurrere
704 3614 814 3677 volens
838 3613 992 3677 Summus
1015 3615 1165 3680 Pontifex

114 3717 193 3780 Pius
226 3719 289 3783 ΡΡ.
325 3717 383 3782 ΙΧ.
406 3718 501 3781 hodie
527 3717 659 3781 feliciter
691 3737 841 3800 regnans,
868 3739 992 3795 novam,
1020 3724 1056 3782 nt
1093 3719 1165 3801 ipse

115 3821 253 3901 exponit,
280 3821 551 3884 Constitutionem
565 3819 763 3900 Apostolicae
776 3820 869 3884 Sedis
884 3821 1093 3884 moderationi
1111 3821 1165 3885 die

117 3920 158 3983 12
175 3921 331 3998 Octobris,
350 3922 445 3999 1869,
462 3921 571 3998 edidit,
588 3942 651 4000 qua
672 3942 784 3986 omnes
805 3922 997 3986 recensendo
1013 3943 1164 3987 censuras

112 4027 269 4108 quotquot
289 4026 360 4110 ipso
383 4025 465 4089 facto
487 4023 694 4089 incurrendas
716 4024 833 4090 servari
848 4030 880 4090 at
902 4026 1032 4090 retineri
1046 4025 1160 4128 uoluit,
