2572 4410
415 666 450 741 D
465 667 498 742 Ε
515 666 545 743 (i
560 668 593 742 R
607 667 640 742 E
655 667 687 742 Τ
702 667 738 743 U
753 667 793 741 M

298 849 649 917 REOOGNITIONIS
687 848 893 916 CONGILII.

110 1274 200 1338 Poar
215 1273 364 1356 elapsum
379 1271 521 1356 quinque
536 1274 568 1337 et
590 1273 705 1355 viginti
727 1294 881 1338 annornm
905 1271 1059 1358 spatium,
1083 1293 1121 1337 ex
1253 1333 1258 1342 .

67 1397 134 1460 quo
156 1376 229 1439 RR.
252 1377 316 1440 ΡΡ.
344 1375 417 1440 DD.
444 1374 687 1459 Archiepiscopi
713 1381 745 1439 et
768 1375 920 1459 Episcopi
944 1376 1121 1440 Hiberniae

66 1480 175 1563 Regni
186 1476 370 1542 Plenarium
382 1475 563 1541 Consilium
578 1475 771 1553 habuerant,
789 1477 965 1562 optandum
979 1480 1121 1562 profecto

54 1584 150 1657 -erat,
155 1589 194 1645 ut
199 1580 262 1644 alia
267 1582 301 1644 id
311 1601 415 1665 genus
424 1578 573 1662 Synodns
583 1581 690 1663 operis
698 1583 905 1663 promovendi
916 1601 1028 1658 causa,
1036 1580 1122 1664 quod

63 1668 235 1775 'Thurlesii
242 1681 427 1766 incoeptum
439 1682 555 1758 fuerat,
562 1682 785 1757 celebraretur.
799 1682 838 1746 Id
851 1681 958 1748 animo
968 1691 1122 1766 reputans

68 1785 177 1850 Effius
189 1787 348 1850 Dominus
362 1784 437 1850 SR.
445 1784 585 1849 nand.
596 1785 717 1849 Paulus
730 1786 844 1850 Oullen
854 1785 1130 1868 Archiepiscopus·

68 1885 284 1953 Dublinensis
299 1890 336 1950 in
351 1888 517 1951 audientia
530 1887 757 1953 22.Februarii
779 1890 862 1955 1873
884 1911 902 1953 a
924 1889 1023 1952 sarno
1049 1886 1122 1951 Dr'io

67 1992 190 2056 Nostro
200 1992 259 2055 Pio
268 1990 461 2056 Div.Provv.
473 1991 601 2055 PRIX.
610 1994 736 2055 veniam
750 1992 937 2075 hujusmodi
948 1998 1124 2055 conventus

67 2094 209 2156 ineundi
224 2091 388 2170 obtinuit;
405 2101 443 2157 nt
458 2101 568 2157 autern
583 2102 699 2159 cuncta
714 2097 775 2159 rite
788 2094 1004 2178 procederent,
1021 2094 1123 2175 Apos-

66 2195 177 2258 tolicis
186 2192 289 2258 literis
301 2193 447 2259 informa
458 2195 563 2259 brevis
577 2198 636 2260 sub
646 2196 697 2261 die
711 2200 753 2261 30
766 2196 1077 2280 subsequentisMaii
1088 2196 1124 2257 in

66 2299 217 2381 ejusdem
245 2300 356 2361 coetus
382 2297 572 2362 Praesidem
600 2300 782 2382 praedictus
810 2299 939 2382 praesul
959 2297 997 2360 D.
1019 2299 1123 2360 Effrus

66 2423 144 2465 cum
161 2400 371 2465 facultatibus
386 2405 574 2466 necessariis
598 2405 630 2466 et
653 2406 842 2487 opportunis
868 2404 1041 2486 deputatus
1065 2403 1123 2466 est.

67 2505 163 2568 Dum
187 2528 270 2582 vere,
299 2503 333 2570 S.
365 2507 442 2569 haec
469 2505 681 2591 congregatio
710 2509 953 2582 instructiones,
978 2526 1061 2590 quae
1085 2526 1124 2570 ea

68 2630 170 2692 super
184 2630 220 2672 re
235 2610 453 2692 expediendae
468 2610 670 2688 videbantur,
687 2610 751 2695 ipsi
767 2613 805 2676 de
827 2612 982 2675 mandato
1000 2609 1123 2675 Sancti-

67 2712 152 2779 totis
169 2715 253 2778 Suae
269 2715 508 2796 suppeditabat,
526 2713 598 2778 aliia
614 2714 717 2779 literis
733 2716 928 2798 Apostolicis
944 2715 1055 2778 eadem
1072 2711 1122 2776 die

68 2816 104 2877 et
126 2831 215 2876 anno
240 2811 357 2896 reliqui
381 2812 602 2878 Hibernenses
632 2814 801 2879 Praesnles
826 2815 864 2879 de
891 2813 1042 2878 universo
1065 2814 1125 2876 hoc

70 2914 204 2998 negotio
229 2918 379 2981 certiores
405 2915 480 2980 facti
507 2919 595 2994 sunt,
624 2924 661 2982 ut
687 2938 802 2982 omnes
828 2919 976 2982 concordi
1003 2915 1122 2991 studio,

71 3016 263 3098 collatisque
273 3014 418 3079 consiliis
431 3036 563 3079 suarum
573 3017 792 3080 Ecolesiarnm
801 3018 897 3093 bono,
909 3018 1006 3099 atque
1016 3014 1125 3079 ovium

72 3116 154 3201 ipsis
166 3119 418 3182 concreditarum
431 3121 581 3183 aeternae
592 3119 702 3197 saluti,
716 3119 843 3184 meliori
855 3143 917 3204 qna
926 3121 996 3183 fieri
1005 3120 1124 3203 posset,

71 3218 200 3284 ratione
215 3221 431 3284 consulerent.

117 3321 324 3405 Quamquam
339 3325 537 3406 praelaudati
552 3324 712 3408 Archiepi.
726 3327 823 3409 atque
834 3323 910 3409 Epi.
923 3323 971 3389 nil
982 3325 1126 3388 habeant

73 3426 251 3512 antiquius,
268 3449 365 3512 quam
388 3437 425 3492 ut
446 3428 615 3494 mandatis
632 3432 665 3493 S.
685 3428 777 3494 Sedis
792 3431 1024 3512 obtemperent,
1041 3449 1122 3492 non-

72 3531 184 3594 nullae
206 3533 320 3594 tamen
346 3551 555 3615 supervenere
575 3533 794 3610 difficultates,
811 3533 851 3597 ob
876 3553 956 3616 quas
980 3538 1124 3614 optatam

73 3637 240 3701 Plenarioe
258 3636 379 3719 Synodi
402 3637 649 3703 celebrationem
666 3639 707 3703 ad
723 3658 848 3703 annum
864 3658 966 3721 usque
981 3635 1124 3719 proxime

74 3739 288 3823 praeteritum
298 3739 419 3804 differri
429 3743 582 3825 oportuit.
621 3742 789 3806 Postrema
800 3744 911 3825 itaque
923 3741 975 3804 die
984 3738 1125 3823 Augusti

74 3842 217 3924 ejusdem
242 3843 320 3906 anni
346 3851 552 3907 convocatum
579 3845 709 3907 tandem
735 3843 922 3906 Plenarium
943 3840 1124 3905 Hiberniae

75 3943 255 4011 Consilium
278 3948 314 4010 in
335 3947 448 4011 sacello
468 3946 508 4010 B.
532 3946 571 4013 V.
600 3949 646 4012 M.
671 3947 758 4030 apud
780 3944 1030 4030 Maynutianum
1054 3943 1124 4011 Col·
