2572 4410
361 803 407 850 DE
422 803 561 850 vlesans
578 804 803 850 GENERALIBUS
818 805 861 850 ΕΤ
875 803 1045 850 nomme

223 952 298 1018 174.
323 951 405 1017 (lum
435 953 622 1038 plerumque
643 954 808 1037 contingat
829 954 1006 1036 Episcopos
1027 952 1124 1016 variis
1147 952 1235 1015 curis

177 1053 401 1139 laboribusque
416 1057 573 1122 distentos
587 1078 644 1140 per
667 1078 701 1122 se
722 1060 810 1141 ipsos
823 1079 888 1121 non
904 1057 1046 1120 sufficere
1062 1058 1103 1118 ad
1118 1075 1235 1120 omnes

181 1158 233 1219 sui
255 1160 398 1222 muneris
420 1166 526 1242 partes
547 1161 766 1242 perficiendas,
790 1161 862 1224 ideo
884 1180 955 1224 mos
969 1159 1116 1235 invaluit,
1134 1178 1233 1238 quem

182 1259 269 1322 Sacri
290 1260 472 1326 Oanouese
497 1263 640 1327 Concilio
665 1263 875 1327 Lateranensi
898 1258 959 1325 IV⁰
986 1261 1137 1342 deinceps
1159 1281 1235 1343 pro·

178 1363 304 1438 barunt,
321 1370 359 1426 ut
373 1365 553 1448 Episcopus
574 1367 658 1430 viros
673 1366 828 1449 quosdam
850 1365 981 1429 idoneos
1002 1363 1063 1428 sibi
1086 1367 1235 1426 assumat

180 1465 236 1546 qui
266 1465 419 1529 assistant
447 1468 481 1530 in
510 1468 552 1530 iis
581 1468 775 1553 exequendis
800 1488 881 1550 quae
907 1467 947 1530 ad
972 1465 1235 1560 jurisdictionem

181 1566 405 1650 Episcopalem
420 1575 575 1653 spectant.

225 1670 298 1734 175.
321 1670 439 1734 Vicarii
464 1673 631 1737 Generalis
651 1673 782 1736 nomine
804 1672 997 1752 intelligitur
1018 1670 1072 1732 ille
1086 1669 1144 1752 qui
1158 1689 1235 1732 cum

181 1774 338 1850 potestate
364 1775 504 1855 generali
529 1781 600 1838 tum
623 1775 726 1859 quoad
748 1775 817 1838 loca
836 1782 908 1838 tum
928 1773 1032 1856 quoad
1057 1792 1170 1836 causas
1194 1771 1236 1835 ub

182 1870 342 1957 Episcopo
364 1878 572 1942 constituitur
593 1884 687 1962 atque
709 1877 854 1962 ejusdem
875 1877 959 1939 vices
982 1875 1064 1959 gerit
1085 1875 1132 1936 ita
1146 1878 1185 1937 ut
1199 1874 1235 1936 in

178 1973 406 2056 jurisdictione
435 1980 609 2044 exercenda
638 1980 748 2044 eadem
774 1978 937 2061 moraliter
967 1981 1133 2041 censeatur
1162 1995 1236 2039 esse

183 2080 349 2163 utriusque
360 2105 503 2166 persona,
518 2086 667 2166 idemque
682 2086 726 2149 sit
739 2085 905 2162 utriusque
924 2081 1073 2152 tribuual,
1092 2098 1237 2160 eousque

184 2183 268 2264 quod
284 2206 349 2248 non
365 2187 458 2251 detur
472 2210 490 2251 a
505 2189 629 2253 Vicario
651 2188 691 2251 ad
705 2187 902 2269 Episcopum
925 2183 1100 2267 appellatio.
1143 2181 1239 2265 (Cap.

187 2282 323 2348 Roman.
346 2291 376 2364 3,
400 2290 452 2353 tit.
478 2291 530 2369 15,
553 2291 609 2356 lib.
635 2291 656 2352 2
678 2291 713 2352 in
738 2289 854 2352 Sexto:
878 2287 955 2369 Cap.
981 2287 1012 2363 2,
1038 2285 1088 2348 tit.
1116 2284 1148 2361 4,
1175 2283 1233 2346 lib.

190 2386 258 2451 lin
280 2391 401 2469 Sexto.)

229 2494 299 2559 176.
316 2495 398 2579 Ejus
410 2498 591 2581 jurisdictio
606 2497 763 2563 ordinaria
774 2502 834 2573 est,
848 2499 957 2578 utpote
968 2494 1037 2576 lege
1053 2495 1122 2577 ejus
1131 2492 1236 2556 officio

185 2614 318 2674 annexa,
334 2599 366 2661 vi
381 2601 472 2682 cujus
495 2600 594 2664 semel
617 2601 813 2665 constitutus
829 2619 865 2661 ea
879 2597 987 2661 omnia
1008 2596 1129 2658 efficere
1151 2595 1238 2660 valet

185 2718 266 2781 quae
291 2701 512 2783 jurisdictione
541 2725 598 2767 sua
629 2704 787 2767 ordinaria
813 2705 919 2785 potest
950 2701 1019 2783 ipse
1042 2698 1235 2781 Episcopus,

186 2806 327 2888 exceptis
343 2806 498 2871 duntaxat
522 2809 564 2871 iis
590 2829 670 2892 quae
692 2809 873 2891 Episcopus
889 2805 923 2867 in
938 2803 1063 2866 Vicario
1079 2800 1238 2864 coustitu-

188 2906 270 2970 endo
294 2910 470 2992 specialiter
503 2912 563 2977 sibi
596 2918 744 2988 reservat,
776 2915 871 2993 atque
900 2908 941 2971 iis
970 2927 1049 2989 quae
1079 2926 1119 2967 ex
1151 2904 1238 2987 juris

187 3014 330 3077 canonici
345 3017 536 3099 praescripto
547 3016 735 3080 mandatum
745 3013 879 3097 speciale
891 3012 1024 3094 exigunt
1035 3015 1071 3072 ut
1083 3007 1240 3071 aVicario

187 3119 385 3181 tractentur:
416 3119 523 3202 qualia
549 3125 625 3182 sunt
656 3117 819 3202 Synodum
849 3133 1056 3196 congregare,
1082 3109 1241 3173 beneficia

186 3221 328 3285 conferre
339 3229 395 3286 aut
404 3224 535 3301 anferre,
549 3223 717 3297 dioecesim
726 3221 856 3285 visitare
868 3224 923 3282 aut
934 3216 1151 3299 indulgentias
1163 3235 1242 3277 con·

188 3323 308 3386 cedere.
346 3324 432 3401 (Vid.
445 3326 526 3389 Bon.
537 3325 626 3388 XIV.
638 3325 677 3388 de
694 3324 767 3405 Syn.
779 3323 888 3385 Dioec.
904 3319 957 3382 lib.
969 3319 1000 3394 2,
1011 3339 1079 3400 cap.
1093 3317 1123 3391 Θ,
1139 3337 1175 3379 n.
1192 3316 1242 3393 2).

233 3427 304 3493 177.
328 3428 445 3490 Vicarii
468 3425 632 3491 Generalis
650 3424 831 3510 jurisdictio
846 3422 967 3505 expirat
983 3423 1017 3482 10
1035 3440 1090 3502 per
1105 3417 1241 3481 Renun-

187 3531 366 3608 tiationem,
383 3533 418 3594 2θ
436 3553 493 3615 per
507 3531 760 3606 Revocationem,
785 3532 820 3592 3⁰
840 3548 896 3610 per
916 3523 1066 3607 Episcopi
1087 3527 1240 3598 mortem,

188 3655 224 3697 ac
239 3635 427 3717 generaliter
448 3656 504 3719 per
527 3655 562 3697 ea
589 3633 695 3697 omnia
720 3631 836 3715 quibus
852 3630 922 3712 ipsa
931 3632 1035 3690 cessat
1052 3623 1242 3708 jurisdictio

189 3735 277 3798 illius
292 3738 455 3821 Episcopi,
471 3737 521 3820 cuj
527 3758 563 3801 us
578 3734 723 3798 Vicarius
742 3739 801 3795 est.

234 3842 307 3907 178.
333 3843 402 3918 Quo
424 3842 540 3906 melius
561 3840 692 3922 insuper
713 3835 914 3921 provideatur
929 3839 1000 3897 tum
1016 3831 1124 3895 ovium
1140 3828 1243 3893 soluti

190 3955 261 4011 tum
271 3947 499 4012 ecclesiasticae
512 3944 696 4029 disciplinae
711 3939 932 4016 observationi,
948 3943 1062 4021 praeter
1073 3936 1243 3999 Vicarium
