2572 4410
638 306 700 371 119

146 499 200 544 non
220 480 373 563 fungatur
393 478 479 544 ultra
499 483 566 543 tres
587 498 689 544 annos
710 479 776 544 nisi
796 478 907 545 habita
927 480 1032 546 debita
1046 481 1187 565 licentia,

141 601 206 646 cum
220 581 341 646 bonum
353 581 519 666 spirituale
527 581 714 646 monasterii
725 582 885 667 Episcopo
895 583 1040 648 rideatur
1051 587 1186 670 exigere,

136 689 168 747 nt
203 688 332 767 tempus
367 682 582 767 protrahatur.
657 684 880 749 Confessarius
914 687 1185 754 extraordinarius

131 787 280 852 mittatur
294 787 334 851 sd
349 788 477 870 singula
491 788 684 851 monasteria
693 787 745 852 bis
760 794 816 853 aut
830 794 879 853 ter
892 790 927 852 in
943 810 1036 854 anno.
1081 793 1130 857 De
1144 795 1186 859 iis

128 914 209 976 quae
225 892 267 956 ad
282 892 513 956 confessionem
528 892 691 975 pertinent
704 913 770 956 non
785 898 897 976 agatur
911 915 984 957 cum
994 894 1137 976 quolibet
1147 918 1186 961 ex

128 996 341 1061 confessariis
367 997 432 1059 nisi
460 997 495 1059 in
523 995 676 1059 tribunali
698 997 923 1080 poenitentioe.
967 997 1008 1061 In
1034 1000 1185 1066 omnibus

126 1100 332 1164 monasteriis
347 1099 510 1183 erigantur
525 1094 768 1162 confessionalis
783 1099 921 1163 cratibus
936 1101 1103 1166 instructa.

171 1203 248 1266 245.
273 1201 430 1265 (laventur
443 1221 485 1264 ne
507 1200 723 1265 manifestatio
738 1201 948 1265 conscientiae
965 1203 1182 1286 superioribus

126 1326 146 1369 a
160 1304 292 1368 novitiis
307 1310 364 1367 aut
378 1303 451 1367 aliis
466 1302 610 1367 facienda
624 1303 772 1386 respiciat
787 1303 955 1372 materiam
971 1306 1182 1371 confessionis

125 1408 311 1491 propriam;
335 1429 371 1472 ac
386 1409 484 1471 etiam
499 1428 539 1471 ne
562 1406 743 1471 libertatem
764 1408 973 1472 confessionis
996 1408 1063 1472 ullo
1087 1411 1181 1477 modo

124 1510 310 1574 imminuat.

168 1613 243 1677 246.
261 1613 556 1690 QuandoMonisles
565 1612 604 1676 ab
616 1612 722 1697 aliquo
733 1613 925 1677 monasterio
937 1613 1180 1697 proficiscuntur

124 1714 165 1780 ad
174 1714 265 1779 aliud
275 1715 485 1792 fundandum,
493 1716 610 1799 scripto
620 1715 658 1778 ab
664 1715 825 1800 Episcopo
834 1715 976 1798 probato,
990 1718 1180 1783 conveniant

123 1820 208 1884 duae
236 1820 425 1903 superiores,
452 1820 550 1882 altera
574 1819 695 1882 scilicet
721 1839 800 1902 quae
829 1824 955 1904 praeest
984 1823 1177 1888 monasterio

121 1923 209 1986 unde
224 1922 340 1998 exitur,
357 1921 456 1984 altera
470 1942 550 2004 quae
564 1922 745 2005 praeficitur
759 1921 917 2004 religiosis
926 1922 1125 2004 profecturis,
1138 1922 1178 1986 de

120 2023 361 2087 conditionibus
371 2024 520 2107 utrinqne
533 2024 705 2087 servandis.
750 2023 835 2086 Item
847 2021 972 2106 quondo
984 2024 1176 2088 transfertur

120 2126 272 2190 monialis
288 2126 328 2189 ab
343 2125 449 2209 aliquo
461 2127 653 2190 monasterio
669 2126 709 2189 ad
724 2125 810 2188 aliud
825 2126 911 2187 utin
927 2145 963 2188 eo
978 2132 1173 2208 permaneat,

121 2229 205 2293 duae
221 2231 401 2312 superiores
417 2230 565 2293 similiter
581 2231 698 2313 scripto
713 2230 901 2292 conveniant
923 2229 962 2291 de
986 2229 1175 2294 conditioni·

119 2333 183 2397 bus
200 2335 372 2397 servandis.
418 2334 458 2396 In
474 2333 628 2398 ambobus
637 2333 725 2396 hisce
741 2331 866 2396 casibus
881 2339 1014 2416 utraque
1030 2334 1175 2416 superior

120 2437 283 2521 exemplar
299 2438 418 2521 scripti,
436 2459 499 2521 quo
521 2443 635 2501 mutua
657 2437 822 2500 conventio
848 2437 1060 2536 contineatur,
1088 2439 1173 2523 apud

120 2560 157 2604 se
174 2546 284 2604 servet

597 2861 698 2925 XXV.

133 3050 177 3094 DE
193 3049 459 3096 mssunsmrunus
473 3049 574 3096 INTER
588 3048 683 3094 VIROS
697 3045 961 3093 nccnnsmsrlcos
975 3047 1158 3094 EVITANDIS.

162 3199 238 3266 247.
261 3198 311 3263 Ne
334 3200 550 3266 dissensiones
576 3202 660 3264 inter
685 3198 862 3281 Episcopos
877 3202 933 3260 aut
948 3197 1027 3260 alios
1043 3196 1168 3260 ecclesi·

118 3303 235 3367 asticos
250 3304 335 3371 viros
350 3304 383 3365 in
399 3302 557 3367 Hibernia
571 3305 724 3382 oriantur,
739 3304 911 3368 statuimus
926 3308 963 3365 ut
979 3302 1007 3365 si
1022 3314 1101 3383 quae
1115 3301 1167 3364 lex

118 3405 334 3489 inposterum
353 3406 417 3470 lata
433 3412 489 3470 aut
511 3407 672 3490 proposita
694 3406 892 3470 aGubernio
914 3425 970 3487 pro
988 3408 1053 3467 toto
1069 3424 1166 3486 regno

119 3509 226 3583 fuerit,
251 3530 331 3592 quae
361 3509 401 3572 ad
423 3509 648 3573 catholicorum
673 3509 904 3586 educationem,
935 3509 1018 3572 bona
1040 3509 1165 3572 ecclesi-

120 3615 229 3690 astica,
247 3620 279 3677 et
290 3616 365 3697 jura
390 3614 552 3678 Ecclesiae
567 3615 734 3697 pertineat,
751 3619 807 3677 aut
831 3635 1017 3697 quacunque
1042 3607 1165 3679 ratione

116 3714 299 3779 Ecclesiam
328 3717 362 3778 in
389 3716 538 3779 omnibus
565 3722 597 3779 ct
621 3716 759 3798 singulis
783 3715 979 3779 dioecesibus
1005 3716 1162 3798 respiciat,

114 3821 223 3884 nullus
245 3821 426 3904 Episcopus
448 3841 568 3883 munus
590 3820 652 3884 sibi
674 3840 834 3883 assumere
857 3820 959 3903 possit
979 3820 1165 3905 hujusmodi
