2572 4410
617 125 680 190 273

357 420 752 506 APPENDIX
812 422 948 508 XII.

436 565 498 635 [Ad.
506 582 569 636 pay.
583 565 702 619 98.-De
713 565 872 639 Episcopia]
975 578 992 610 r

110 813 195 893 DE
218 816 479 895 EPISOOPIS
502 819 559 893 IN
582 819 837 896 HIBERNIA
856 815 1175 895 SELIGENDIS.

127 1285 245 1331 sacam
268 1285 547 1330 OONGRIIGATIONIS
575 1285 757 1330 annuimus
782 1286 826 1331 DE
851 1287 1060 1332 'PROPAGANDA
1083 1287 1173 1341 rma,

182 1389 323 1432 Hartman
351 1389 409 1432 Dm
431 1390 531 1432 PRIMA
552 1388 640 1433 JUNII
661 1388 746 1433 drino
773 1384 852 1447 1829,
881 1389 925 1432 Du
951 1387 1115 1432 EPISOOPIS
1140 1386 1175 1430 IN

181 1491 342 1536 umnam
364 1491 571 1537 sumentium.

168 1639 252 1704 (lum
268 1639 308 1704 ad
321 1641 547 1723 gravissimum
562 1638 742 1703 Electionis
752 1637 926 1704 Hiberniae
940 1641 1175 1721 Episcoporum

124 1743 291 1826 negotium
326 1743 387 1805 rite
416 1748 586 1826 sancteque
616 1741 854 1817 absolvendum,
886 1747 1005 1804 certam
1034 1741 1175 1824 aliquam

117 1845 313 1910 *methodum
327 1902 330 1909 ,
346 1846 464 1929 ubique
493 1848 528 1909 in
557 1867 594 1910 eo
623 1866 721 1928 regno
752 1845 939 1909 servandam
969 1845 1109 1907 statuere
1139 1844 1174 1906 in

123 1946 239 2030 primis
261 1951 476 2029 opportunum
505 1967 574 2010 esse
602 1948 696 2012 Sacra
725 1945 936 2030 congregatio
969 1948 1174 2023 intellexerit,

123 2068 186 2131 qua
201 2047 301 2122 fieret,
318 2049 355 2110 ut
372 2046 469 2110 Sedes
485 2045 667 2130 ApostolIca
682 2048 877 2132 exploratam
891 2049 1040 2112 notitiam
1057 2046 1175 2111 habere

122 2146 228 2233 possit
241 2149 431 2212 meritorum
449 2148 657 2214 Sacerdotum
671 2171 729 2232 pro
747 2151 864 2234 quibus
885 2151 1176 2214 commendationes

116 2253 311 2327 afferuntur,
327 2258 364 2316 ut
379 2252 419 2315 ad
434 2252 572 2335 aliquem
587 2252 764 2317 Hiberniae
789 2253 1024 2337 Episcopatum
1051 2250 1171 2336 eligan-

121 2361 188 2430 tur,
204 2355 317 2418 eadem
340 2350 436 2419 Sacra
456 2355 678 2438 Congregatio,
690 2356 872 2439 'postquam
895 2357 951 2418 diu
972 2356 1176 2439 multumque

124 2455 163 2518 de
178 2475 216 2517 ea
230 2476 264 2517 re
279 2455 459 2519 definienda
474 2457 635 2537 cogitavit,
652 2456 687 2518 in
702 2456 843 2538 generali
866 2454 998 2519 tandem
1020 2460 1177 2519 conventu

124 2559 177 2623 die
202 2560 309 2643 prima
335 2558 427 2623 Iunii
454 2579 537 2622 anno
564 2559 659 2634 1829,
676 2560 830 2622 referente
848 2559 1120 2623 Eminentissimo
1144 2558 1176 2621 et

123 2657 402 2724 Reverendissimo
417 2658 456 2721 D.
469 2657 511 2721 D.
523 2661 637 2723 Mauro
654 2659 687 2722 S.
701 2658 741 2722 R.
756 2659 798 2722 E.
810 2659 972 2722 Cardinali
983 2659 1174 2742 Cappellari,

126 2757 240 2821 Sacrae
255 2759 522 2842 congregationis
546 2761 709 2837 Profecto,
737 2761 862 2825 censuit
878 2783 913 2825 ac
928 2762 1076 2835 decrevit,
1109 2780 1176 2823 me·

124 2858 261 2922 thodum
275 2860 310 2922 in
325 2866 393 2924 toto
409 2883 507 2944 regno
522 2862 702 2926 Hiberniae
718 2881 814 2945 super
829 2881 869 2925 ea
890 2883 924 2925 re
940 2861 1125 2925 servandam
1140 2862 1175 2923 in

124 2964 300 3046 posterum,
317 2985 387 3028 esse
402 2965 516 3029 debere
532 2987 601 3029 eam
616 2985 699 3049 quae
714 2965 768 3029 hic
783 2964 984 3029 describitur.

172 3062 255 3130 Sede
284 3066 393 3150 itaque
435 3067 637 3152 Episcopah',
669 3070 735 3132 sivo
763 3090 820 3151 per
849 3064 1005 3131 antistitis
1038 3065 1174 3141 obitum,

123 3169 379 3244 translationem,
404 3172 541 3260 aliamve
567 3172 607 3236 ob
633 3192 764 3236 causam
787 3173 822 3235 in
848 3177 1012 3252 posterum
1032 3174 1173 3244 vacante,

124 3271 281 3349 Vicarius,
299 3275 393 3356 juxta
418 3277 553 3340 formam
577 3298 596 3340 a
616 3277 715 3339 sacris
734 3271 908 3338 canonibus
931 3273 1175 3356 praescriptam,

125 3375 352 3452 constituatur,
379 3374 435 3459 qui
470 3375 608 3439 dioecesi
639 3375 800 3454 viduatae,
835 3378 970 3446 durante
998 3377 1174 3451 vacatione,

123 3474 259 3558 praesit.
304 3476 571 3558 Metropolitanus
586 3475 779 3553 Provinciae,
791 3477 847 3540 ubi
858 3477 979 3541 vacatio
993 3476 1176 3558 contigerit,

124 3567 223 3637 simul
239 3580 335 3658 atque
346 3575 385 3638 de
401 3572 571 3651 vacatione,
589 3577 620 3639 et
635 3576 759 3639 Vicarii
775 3576 927 3640 electione
940 3577 1057 3640 certior
1072 3576 1178 3638 factus

123 3673 231 3753 fuerit,
248 3675 351 3740 literis
366 3675 574 3741 mandatariis
585 3676 712 3741 Vioario
727 3677 842 3754 edicat,
860 3683 897 3741 ut
912 3677 946 3740 in
962 3676 1047 3740 diem
1062 3676 1188 3760 vigeri-⁴
