2572 4410
666 263 709 325 42

165 438 355 521 quibusdam
384 436 422 500 de
448 435 531 500 clero
560 443 592 501 et
620 436 749 521 populo,
787 435 922 500 Missam
951 437 1126 502 solemnem
1162 439 1214 502 De

166 541 291 621 Spiritu
317 542 433 605 Sancto
456 539 625 604 celebravit
646 540 762 602 Illinus
778 546 809 602 et
824 541 963 604 Revffius
978 541 1018 604 D.
1031 540 1214 624 Episcopus

165 643 415 721 Limericensis;
440 644 491 706 cui
514 642 674 706 adultere
700 642 913 705 adstiterunt:
940 644 1092 707 Sacerdos
1117 645 1214 708 assis-

164 751 246 820 tens,
258 744 351 808 Adm.
364 746 440 809 Rev.
453 745 495 808 D.
509 741 679 809 Eduardus
688 742 843 822 McGabe;
861 746 1022 809 Diaconus
1034 752 1065 808 et
1078 746 1213 809 Subdia·

165 838 273 923 conus,
288 846 357 911 RR.
369 849 442 911 DD.
456 847 477 912 J
478 867 549 911 oen.
560 847 727 912 Anderson
742 854 774 911 et
790 848 812 913 J
812 869 883 912 oan.
896 848 1099 911 McDonnell.
1112 849 1214 913 Missa

164 949 255 1013 finita
275 952 455 1014 concionem
477 949 590 1013 habuit
612 951 729 1013 illinus
751 956 783 1013 et
806 951 945 1014 Reuiius
967 951 1007 1014 D.
1031 951 1213 1038 Episcopus

164 1049 353 1116 Kerriensis.
399 1053 478 1116 Inde
489 1053 629 1116 recitatis
643 1052 789 1136 precibus
804 1053 999 1136 psalmisque
1009 1055 1214 1138 praescriptis

163 1161 360 1218 recesserunt
374 1175 484 1218 omnes
499 1162 623 1238 praeter
638 1155 822 1238 Synodales.
956 1167 960 1174 '

208 1257 291 1319 Tum
316 1257 502 1321 institerunt
532 1259 733 1321 Promotores
756 1264 792 1321 ut
818 1257 998 1342 legerentur
1011 1259 1147 1322 Decreta
1161 1261 1214 1324 De

161 1357 244 1422 Fide
261 1359 440 1423 Catholicae:
465 1361 516 1424 Dc
531 1360 626 1424 Fidei
636 1347 831 1441 professione
847 1360 1014 1423 emesenus
1022 1390 1034 1433 ;
1051 1362 1103 1424 Dc
1117 1362 1215 1426 Fidei

157 1460 309 1542 periculis
339 1463 504 1540 evitandis,
520 1464 572 1527 De
587 1463 793 1528 Socictutibus
811 1464 1022 1544 proscriptis;
1045 1464 1097 1526 Dc
1112 1465 1213 1545 Epis-

67 1552 71 1559 *
162 1563 268 1642 copis:
294 1585 374 1647 quae
402 1565 436 1627 in
467 1567 600 1648 privatis
638 1566 872 1650 Episcoporum
915 1566 1212 1648 congregationibus

162 1666 283 1728 sancita
312 1672 397 1730 sunt.
444 1668 534 1744 Quod
556 1690 639 1744 oum,
667 1689 704 1731 ex
732 1668 810 1730 Eini
832 1668 990 1732 Praesidis
1012 1669 1173 1745 mandato,
1191 1688 1213 1733 a

164 1768 345 1832 Secretariis
360 1770 479 1833 factum
494 1777 577 1834 esset
596 1771 730 1835 Decreta
745 1771 892 1835 omnibus
904 1770 1052 1834 Patribus
1067 1770 1213 1835 absolute

161 1870 347 1953 placuerunt
372 1879 494 1955 praeter
518 1873 715 1956 Episcopum
739 1872 935 1949 Dunensem‚
952 1873 1008 1956 qui
1023 1870 1212 1957 suffragium

161 1973 237 2039 tulit
250 1996 259 2051 ;
278 1973 383 2054 placet
389 1974 486 2055 justa
499 1975 634 2040 modum.

204 2076 332 2141 Indicta
343 2084 391 2141 est
405 2078 511 2142 Sessio
526 2077 632 2143 Tertia
643 2079 800 2143 Solemnis
816 2079 855 2142 ad
867 2079 951 2142 diem
964 2078 1004 2141 16
1016 2075 1211 2161 Septembris

161 2179 272 2244 feriam
287 2181 432 2265 quintam
446 2180 661 2245 hebdomadas
672 2182 813 2265 proxime
829 2181 1000 2265 sequentis.

206 2281 353 2367 Denique
375 2284 472 2347 finem
497 2281 639 2349 Sessioni
661 2285 814 2367 imposuit
829 2284 933 2347 Effius
948 2285 1091 2360 Praeses,
1113 2281 1209 2346 bene-

160 2384 298 2448 dictione
313 2385 450 2450 solemni
464 2386 611 2451 omnibus
622 2387 710 2470 prius
724 2386 896 2469 impertita.

444 2752 509 2816 Die
524 2754 543 2817 9
559 2751 757 2833 Septembris,
773 2750 872 2813 Ferte
890 2751 927 2813 V.

205 2885 293 2952 Horu
318 2888 440 2954 decima
463 2909 535 2954 cum
564 2888 696 2952 dimidio
726 2893 798 2950 ante
826 2885 991 2949 meridiem
1013 2884 1116 2949 habiti
1132 2894 1210 2950 sunt

162 2989 413 3076 Doputationum
428 3002 611 3058 conventus.
727 3005 731 3012 '

320 3178 638 3247 ooNoREoATIO
660 3175 853 3241 PRIVATA
876 3175 1054 3256 QUINTA.

204 3314 329 3383 Eodem
357 3316 418 3395 dio,
436 3314 515 3380 hora
530 3314 668 3381 secunda
694 3333 766 3377 cum
789 3312 923 3376 dimidio
938 3310 1047 3375 habita
1063 3315 1111 3374 est
1126 3308 1208 3375 Con-

161 3420 301 3505 grcgatio
327 3420 558 3506 Episcoporum
573 3417 703 3503 privata.
748 3415 890 3478 Aderant
905 3415 944 3478 de
958 3435 1045 3477 more
1060 3413 1209 3477 officiales

161 3520 303 3590 Consilii.

203 3624 380 3692 Licentium
408 3623 542 3692 abeundi
568 3646 623 3711 per
649 3623 769 3708 aliquot
794 3620 861 3684 dies
877 3621 1037 3703 Episcopo
1053 3615 1207 3716 Midensi,

159 3726 197 3791 ob
227 3730 353 3814 negotiu
382 3729 489 3816 magni
515 3727 678 3806 momenti,
704 3722 910 3790 adudicibus
939 3742 1105 3786 causarum
1134 3728 1209 3784 con'·

159 3851 289 3910 cossam,
306 3830 440 3917 benigne
456 3835 682 3900 confirmarunt
698 3831 818 3894 Patres.
