<?xml version="1.0" encoding="UTF-8"?>
<!DOCTYPE html PUBLIC "-//W3C//DTD XHTML 1.0 Transitional//EN"
    "http://www.w3.org/TR/xhtml1/DTD/xhtml1-transitional.dtd">
<html xmlns="http://www.w3.org/1999/xhtml" xml:lang="en" lang="en">
 <head>
  <title>
</title>
<meta http-equiv="Content-Type" content="text/html;charset=utf-8" />
  <meta name='ocr-system' content='tesseract 3.04.00' />
  <meta name='ocr-capabilities' content='ocr_page ocr_carea ocr_par ocr_line ocrx_word'/>
</head>
<body>
  <div class='ocr_page' id='page_1' title='image "actaetdecretasy00goog_0235.png"; bbox 0 0 2572 4410; ppageno 0'>
   <div class='ocr_carea' id='block_1_1' title="bbox 656 335 723 401">
    <p class='ocr_par' dir='ltr' id='par_1_1' title="bbox 656 335 723 401">
     <span class='ocr_line' id='line_1_1' title="bbox 656 335 723 401; baseline 0 0"><span class='ocrx_word' id='word_1_1' title='bbox 656 335 723 401; x_wconf 67' lang='lat'><strong>222</strong></span> 
     </span>
    </p>
   </div>
   <div class='ocr_carea' id='block_1_2' title="bbox 438 638 931 727">
    <p class='ocr_par' dir='ltr' id='par_1_2' title="bbox 438 638 931 727">
     <span class='ocr_line' id='line_1_2' title="bbox 438 638 931 727; baseline 0.008 -4"><span class='ocrx_word' id='word_1_2' title='bbox 438 638 815 725; x_wconf 81' lang='lat' dir='ltr'><strong>APPENDIX</strong></span> <span class='ocrx_word' id='word_1_3' title='bbox 852 640 931 727; x_wconf 88' lang='lat' dir='ltr'><strong>IV.</strong></span> 
     </span>
    </p>
   </div>
   <div class='ocr_carea' id='block_1_3' title="bbox 537 802 838 875">
    <p class='ocr_par' dir='ltr' id='par_1_3' title="bbox 537 802 838 875">
     <span class='ocr_line' id='line_1_3' title="bbox 537 802 838 875; baseline 0.013 -21"><span class='ocrx_word' id='word_1_4' title='bbox 537 802 838 875; x_wconf 55' lang='grc'>[1111111111]</span> 
     </span>
    </p>
   </div>
   <div class='ocr_carea' id='block_1_4' title="bbox 558 1150 811 1220">
    <p class='ocr_par' dir='ltr' id='par_1_4' title="bbox 558 1150 811 1220">
     <span class='ocr_line' id='line_1_4' title="bbox 558 1150 811 1220; baseline -0.016 0"><span class='ocrx_word' id='word_1_5' title='bbox 558 1150 811 1220; x_wconf 78' lang='lat' dir='ltr'>DECRETUM</span> 
     </span>
    </p>
   </div>
   <div class='ocr_carea' id='block_1_5' title="bbox 159 1308 1220 1361">
    <p class='ocr_par' dir='ltr' id='par_1_5' title="bbox 159 1308 1220 1361">
     <span class='ocr_line' id='line_1_5' title="bbox 159 1308 1220 1361; baseline 0 0"><span class='ocrx_word' id='word_1_6' title='bbox 159 1311 264 1361; x_wconf 62' lang='lat' dir='ltr'>SUPER</span> <span class='ocrx_word' id='word_1_7' title='bbox 285 1311 348 1357; x_wconf 81' lang='lat' dir='ltr'><strong>USU</strong></span> <span class='ocrx_word' id='word_1_8' title='bbox 369 1310 543 1357; x_wconf 72' lang='lat' dir='ltr'><strong>nonnum</strong></span> <span class='ocrx_word' id='word_1_9' title='bbox 566 1310 739 1359; x_wconf 75' lang='lat' dir='ltr'><strong>Bnuvrosls</strong></span> <span class='ocrx_word' id='word_1_10' title='bbox 762 1310 798 1354; x_wconf 82' lang='lat' dir='ltr'><strong>IN</strong></span> <span class='ocrx_word' id='word_1_11' title='bbox 821 1308 980 1354; x_wconf 70' lang='lat' dir='ltr'><strong>nanneno</strong></span> <span class='ocrx_word' id='word_1_12' title='bbox 1002 1309 1220 1361; x_wconf 72' lang='lat' dir='ltr'><strong>scobronum.</strong></span> 
     </span>
    </p>
   </div>
   <div class='ocr_carea' id='block_1_6' title="bbox 151 1607 1217 2931">
    <p class='ocr_par' dir='ltr' id='par_1_6' title="bbox 151 1607 1217 2931">
     <span class='ocr_line' id='line_1_6' title="bbox 201 1607 1217 1698; baseline 0.001 -21"><span class='ocrx_word' id='word_1_13' title='bbox 201 1609 287 1677; x_wconf 85' lang='lat' dir='ltr'><strong>Cum</strong></span> <span class='ocrx_word' id='word_1_14' title='bbox 301 1610 552 1698; x_wconf 87' lang='lat' dir='ltr'><strong>Archiepiscopi</strong></span> <span class='ocrx_word' id='word_1_15' title='bbox 567 1614 600 1678; x_wconf 93' lang='lat' dir='ltr'><strong>et</strong></span> <span class='ocrx_word' id='word_1_16' title='bbox 623 1609 783 1697; x_wconf 82' lang='lat' dir='ltr'><strong>Episcopi</strong></span> <span class='ocrx_word' id='word_1_17' title='bbox 798 1608 981 1676; x_wconf 79' lang='lat' dir='ltr'>Hiberniae</span> <span class='ocrx_word' id='word_1_18' title='bbox 1003 1607 1040 1675; x_wconf 95' lang='lat' dir='ltr'><strong>in</strong></span> <span class='ocrx_word' id='word_1_19' title='bbox 1055 1611 1217 1679; x_wconf 88' lang='lat' dir='ltr'><strong>Plenaria</strong></span> 
     </span>
     <span class='ocr_line' id='line_1_7' title="bbox 156 1711 1217 1801; baseline 0.006 -24"><span class='ocrx_word' id='word_1_20' title='bbox 156 1713 290 1796; x_wconf 81' lang='lat' dir='ltr'><strong>Synodo</strong></span> <span class='ocrx_word' id='word_1_21' title='bbox 300 1714 531 1799; x_wconf 83' lang='lat' dir='ltr'><strong>Moynutiana,</strong></span> <span class='ocrx_word' id='word_1_22' title='bbox 545 1718 679 1780; x_wconf 86' lang='lat' dir='ltr'><strong>attentis</strong></span> <span class='ocrx_word' id='word_1_23' title='bbox 694 1713 811 1780; x_wconf 90' lang='lat' dir='ltr'><strong>multis</strong></span> <span class='ocrx_word' id='word_1_24' title='bbox 820 1711 1083 1792; x_wconf 88' lang='lat' dir='ltr'><strong>difficultatibus,</strong></span> <span class='ocrx_word' id='word_1_25' title='bbox 1091 1714 1217 1801; x_wconf 87' lang='lat' dir='ltr'><strong>quibus</strong></span> 
     </span>
     <span class='ocr_line' id='line_1_8' title="bbox 154 1812 1216 1903; baseline 0.005 -25"><span class='ocrx_word' id='word_1_26' title='bbox 154 1815 263 1880; x_wconf 79' lang='lat' dir='ltr'><strong>forma</strong></span> <span class='ocrx_word' id='word_1_27' title='bbox 273 1816 433 1900; x_wconf 80' lang='lat' dir='ltr'><strong>baptismi</strong></span> <span class='ocrx_word' id='word_1_28' title='bbox 449 1816 651 1892; x_wconf 88' lang='lat' dir='ltr'><strong>adultorum,</strong></span> <span class='ocrx_word' id='word_1_29' title='bbox 664 1838 745 1903; x_wconf 85' lang='lat' dir='ltr'><strong>quae</strong></span> <span class='ocrx_word' id='word_1_30' title='bbox 760 1814 797 1879; x_wconf 91' lang='lat' dir='ltr'><strong>in</strong></span> <span class='ocrx_word' id='word_1_31' title='bbox 812 1812 940 1880; x_wconf 87' lang='lat' dir='ltr'><strong>Ritnali</strong></span> <span class='ocrx_word' id='word_1_32' title='bbox 952 1817 1104 1881; x_wconf 91' lang='lat' dir='ltr'><strong>Romano</strong></span> <span class='ocrx_word' id='word_1_33' title='bbox 1114 1837 1216 1901; x_wconf 89' lang='lat' dir='ltr'><strong>prae-</strong></span> 
     </span>
     <span class='ocr_line' id='line_1_9' title="bbox 156 1915 1214 2004; baseline 0.003 -23"><span class='ocrx_word' id='word_1_34' title='bbox 156 1915 322 1996; x_wconf 77' lang='lat' dir='ltr'>scribitur,</span> <span class='ocrx_word' id='word_1_35' title='bbox 346 1919 522 2004; x_wconf 82' lang='lat' dir='ltr'><strong>praecipue</strong></span> <span class='ocrx_word' id='word_1_36' title='bbox 543 1919 580 1984; x_wconf 93' lang='lat' dir='ltr'><strong>in</strong></span> <span class='ocrx_word' id='word_1_37' title='bbox 602 1940 682 1985; x_wconf 90' lang='lat' dir='ltr'><strong>casu</strong></span> <span class='ocrx_word' id='word_1_38' title='bbox 705 1938 941 1984; x_wconf 88' lang='lat' dir='ltr'><strong>conversorum</strong></span> <span class='ocrx_word' id='word_1_39' title='bbox 963 1916 1007 1983; x_wconf 89' lang='lat' dir='ltr'><strong>ad</strong></span> <span class='ocrx_word' id='word_1_40' title='bbox 1028 1916 1132 1985; x_wconf 91' lang='lat' dir='ltr'><strong>fidem</strong></span> <span class='ocrx_word' id='word_1_41' title='bbox 1156 1920 1214 1986; x_wconf 94' lang='lat' dir='ltr'><strong>ob-</strong></span> 
     </span>
     <span class='ocr_line' id='line_1_10' title="bbox 153 2021 1213 2106; baseline 0.001 -20"><span class='ocrx_word' id='word_1_42' title='bbox 153 2021 252 2088; x_wconf 87' lang='lat' dir='ltr'><strong>noxia</strong></span> <span class='ocrx_word' id='word_1_43' title='bbox 266 2031 327 2101; x_wconf 91' lang='lat' dir='ltr'><strong>est,</strong></span> <span class='ocrx_word' id='word_1_44' title='bbox 344 2024 519 2090; x_wconf 91' lang='lat' dir='ltr'><strong>humiliter</strong></span> <span class='ocrx_word' id='word_1_45' title='bbox 536 2024 570 2092; x_wconf 83' lang='lat' dir='ltr'><strong>S.</strong></span> <span class='ocrx_word' id='word_1_46' title='bbox 586 2022 662 2089; x_wconf 88' lang='lat' dir='ltr'><strong>Sedi</strong></span> <span class='ocrx_word' id='word_1_47' title='bbox 679 2023 948 2106; x_wconf 77' lang='lat' dir='ltr'><strong>supplicaverint,</strong></span> <span class='ocrx_word' id='word_1_48' title='bbox 960 2024 998 2086; x_wconf 89' lang='lat' dir='ltr'><strong>ut</strong></span> <span class='ocrx_word' id='word_1_49' title='bbox 1014 2021 1124 2087; x_wconf 90' lang='lat' dir='ltr'><strong>forma</strong></span> <span class='ocrx_word' id='word_1_50' title='bbox 1139 2023 1213 2087; x_wconf 92' lang='lat' dir='ltr'><strong>bre-</strong></span> 
     </span>
     <span class='ocr_line' id='line_1_11' title="bbox 153 2121 1211 2209; baseline 0.001 -22"><span class='ocrx_word' id='word_1_51' title='bbox 153 2125 238 2189; x_wconf 86' lang='lat' dir='ltr'><strong>viori</strong></span> <span class='ocrx_word' id='word_1_52' title='bbox 256 2129 289 2191; x_wconf 93' lang='lat' dir='ltr'><strong>et</strong></span> <span class='ocrx_word' id='word_1_53' title='bbox 312 2125 421 2209; x_wconf 85' lang='lat' dir='ltr'><strong>magis</strong></span> <span class='ocrx_word' id='word_1_54' title='bbox 444 2125 696 2192; x_wconf 83' lang='lat' dir='ltr'><strong>accommodata</strong></span> <span class='ocrx_word' id='word_1_55' title='bbox 719 2121 886 2189; x_wconf 83' lang='lat' dir='ltr'><strong>conversis</strong></span> <span class='ocrx_word' id='word_1_56' title='bbox 907 2121 959 2187; x_wconf 89' lang='lat' dir='ltr'><strong>uti</strong></span> <span class='ocrx_word' id='word_1_57' title='bbox 982 2121 1065 2206; x_wconf 91' lang='lat' dir='ltr'><strong>ipsis</strong></span> <span class='ocrx_word' id='word_1_58' title='bbox 1087 2122 1211 2200; x_wconf 88' lang='lat' dir='ltr'><strong>liceat;</strong></span> 
     </span>
     <span class='ocr_line' id='line_1_12' title="bbox 156 2225 1212 2304; baseline 0 -13"><span class='ocrx_word' id='word_1_59' title='bbox 156 2229 278 2293; x_wconf 77' lang='lat' dir='ltr'><strong>SSffrns</strong></span> <span class='ocrx_word' id='word_1_60' title='bbox 309 2229 476 2295; x_wconf 81' lang='lat' dir='ltr'><strong>Dominus</strong></span> <span class='ocrx_word' id='word_1_61' title='bbox 500 2229 580 2295; x_wconf 92' lang='lat' dir='ltr'><strong>Pius</strong></span> <span class='ocrx_word' id='word_1_62' title='bbox 596 2227 718 2294; x_wconf 86' lang='lat' dir='ltr'><strong>Divina</strong></span> <span class='ocrx_word' id='word_1_63' title='bbox 733 2225 945 2291; x_wconf 85' lang='lat' dir='ltr'><strong>Providentia</strong></span> <span class='ocrx_word' id='word_1_64' title='bbox 959 2228 1024 2290; x_wconf 84' lang='grc' dir='ltr'><strong>ΡΡ.</strong></span> <span class='ocrx_word' id='word_1_65' title='bbox 1040 2226 1111 2304; x_wconf 88' lang='grc' dir='ltr'><strong>ΙΧ.,</strong></span> <span class='ocrx_word' id='word_1_66' title='bbox 1129 2229 1212 2292; x_wconf 89' lang='lat' dir='ltr'><strong>refe-</strong></span> 
     </span>
     <span class='ocr_line' id='line_1_13' title="bbox 152 2327 1212 2418; baseline -0.002 -22"><span class='ocrx_word' id='word_1_67' title='bbox 152 2335 247 2397; x_wconf 87' lang='lat' dir='ltr'><strong>rente</strong></span> <span class='ocrx_word' id='word_1_68' title='bbox 267 2353 320 2398; x_wconf 89' lang='lat' dir='ltr'><strong>me</strong></span> <span class='ocrx_word' id='word_1_69' title='bbox 343 2333 555 2418; x_wconf 84' lang='lat' dir='ltr'><strong>infrascripto</strong></span> <span class='ocrx_word' id='word_1_70' title='bbox 581 2335 699 2398; x_wconf 79' lang='lat' dir='ltr'><strong>Sacrae</strong></span> <span class='ocrx_word' id='word_1_71' title='bbox 727 2327 1000 2413; x_wconf 74' lang='lat' dir='ltr'><strong>congregationis</strong></span> <span class='ocrx_word' id='word_1_72' title='bbox 1025 2328 1065 2393; x_wconf 88' lang='lat' dir='ltr'><strong>de</strong></span> <span class='ocrx_word' id='word_1_73' title='bbox 1088 2332 1212 2415; x_wconf 88' lang='lat' dir='ltr'><strong>Propa-</strong></span> 
     </span>
     <span class='ocr_line' id='line_1_14' title="bbox 152 2431 1211 2518; baseline -0.002 -19"><span class='ocrx_word' id='word_1_74' title='bbox 152 2435 261 2518; x_wconf 87' lang='lat' dir='ltr'><strong>ganda</strong></span> <span class='ocrx_word' id='word_1_75' title='bbox 286 2435 367 2500; x_wconf 90' lang='lat' dir='ltr'><strong>Fide</strong></span> <span class='ocrx_word' id='word_1_76' title='bbox 393 2439 664 2514; x_wconf 85' lang='lat' dir='ltr'><strong>Pro-Secretario,</strong></span> <span class='ocrx_word' id='word_1_77' title='bbox 681 2434 717 2498; x_wconf 94' lang='lat' dir='ltr'><strong>in</strong></span> <span class='ocrx_word' id='word_1_78' title='bbox 742 2431 914 2498; x_wconf 87' lang='lat' dir='ltr'><strong>audientia</strong></span> <span class='ocrx_word' id='word_1_79' title='bbox 940 2432 1006 2496; x_wconf 92' lang='lat' dir='ltr'><strong>diei</strong></span> <span class='ocrx_word' id='word_1_80' title='bbox 1021 2436 1041 2497; x_wconf 85' lang='lat'><strong>3</strong></span> <span class='ocrx_word' id='word_1_81' title='bbox 1059 2433 1211 2516; x_wconf 88' lang='lat' dir='ltr'><strong>Septem-</strong></span> 
     </span>
     <span class='ocr_line' id='line_1_15' title="bbox 151 2535 1212 2622; baseline 0.001 -20"><span class='ocrx_word' id='word_1_82' title='bbox 151 2537 220 2602; x_wconf 89' lang='lat' dir='ltr'><strong>bris</strong></span> <span class='ocrx_word' id='word_1_83' title='bbox 250 2539 413 2604; x_wconf 90' lang='lat' dir='ltr'><strong>cnrrentis</strong></span> <span class='ocrx_word' id='word_1_84' title='bbox 448 2541 529 2605; x_wconf 91' lang='lat' dir='ltr'><strong>anni</strong></span> <span class='ocrx_word' id='word_1_85' title='bbox 561 2542 646 2609; x_wconf 81' lang='grc'>1876</span> <span class='ocrx_word' id='word_1_86' title='bbox 675 2536 840 2622; x_wconf 88' lang='lat' dir='ltr'><strong>impertiri</strong></span> <span class='ocrx_word' id='word_1_87' title='bbox 870 2535 1026 2619; x_wconf 82' lang='lat' dir='ltr'><strong>dignatus</strong></span> <span class='ocrx_word' id='word_1_88' title='bbox 1071 2546 1123 2601; x_wconf 90' lang='lat' dir='ltr'><strong>est</strong></span> <span class='ocrx_word' id='word_1_89' title='bbox 1164 2543 1212 2603; x_wconf 87' lang='lat' dir='ltr'><strong>ad</strong></span> 
     </span>
     <span class='ocr_line' id='line_1_16' title="bbox 151 2635 1211 2720; baseline 0.003 -19"><span class='ocrx_word' id='word_1_90' title='bbox 151 2640 401 2720; x_wconf 76' lang='lat' dir='ltr'><strong>quinquennium</strong></span> <span class='ocrx_word' id='word_1_91' title='bbox 426 2642 619 2706; x_wconf 77' lang='lat' dir='ltr'><strong>facultatem</strong></span> <span class='ocrx_word' id='word_1_92' title='bbox 646 2638 762 2705; x_wconf 91' lang='lat' dir='ltr'><strong>utendi</strong></span> <span class='ocrx_word' id='word_1_93' title='bbox 785 2637 821 2702; x_wconf 91' lang='lat' dir='ltr'><strong>in</strong></span> <span class='ocrx_word' id='word_1_94' title='bbox 849 2635 976 2702; x_wconf 88' lang='lat' dir='ltr'><strong>adultis</strong></span> <span class='ocrx_word' id='word_1_95' title='bbox 1002 2640 1211 2704; x_wconf 88' lang='lat' dir='ltr'><strong>sacrofonte</strong></span> 
     </span>
     <span class='ocr_line' id='line_1_17' title="bbox 151 2739 1210 2827; baseline 0.004 -24"><span class='ocrx_word' id='word_1_96' title='bbox 151 2739 327 2805; x_wconf 87' lang='lat' dir='ltr'><strong>abluendis</strong></span> <span class='ocrx_word' id='word_1_97' title='bbox 342 2741 481 2807; x_wconf 89' lang='lat' dir='ltr'><strong>breviori</strong></span> <span class='ocrx_word' id='word_1_98' title='bbox 497 2745 639 2808; x_wconf 84' lang='lat' dir='ltr'><strong>formula</strong></span> <span class='ocrx_word' id='word_1_99' title='bbox 654 2764 713 2827; x_wconf 91' lang='lat' dir='ltr'><strong>pro</strong></span> <span class='ocrx_word' id='word_1_100' title='bbox 728 2739 930 2825; x_wconf 87' lang='lat' dir='ltr'><strong>baptismate</strong></span> <span class='ocrx_word' id='word_1_101' title='bbox 944 2741 1158 2824; x_wconf 88' lang='lat' dir='ltr'><strong>parvulorum</strong></span> <span class='ocrx_word' id='word_1_102' title='bbox 1172 2742 1210 2808; x_wconf 94' lang='lat' dir='ltr'><strong>in</strong></span> 
     </span>
     <span class='ocr_line' id='line_1_18' title="bbox 151 2841 1210 2931; baseline 0.002 -24"><span class='ocrx_word' id='word_1_103' title='bbox 151 2841 274 2908; x_wconf 87' lang='lat' dir='ltr'><strong>Rituali</strong></span> <span class='ocrx_word' id='word_1_104' title='bbox 295 2844 446 2909; x_wconf 89' lang='lat' dir='ltr'><strong>Romano</strong></span> <span class='ocrx_word' id='word_1_105' title='bbox 461 2845 675 2931; x_wconf 88' lang='lat' dir='ltr'><strong>praescripta,</strong></span> <span class='ocrx_word' id='word_1_106' title='bbox 693 2843 816 2910; x_wconf 92' lang='lat' dir='ltr'><strong>omissa</strong></span> <span class='ocrx_word' id='word_1_107' title='bbox 833 2843 975 2926; x_wconf 84' lang='lat' dir='ltr'><strong>longiori</strong></span> <span class='ocrx_word' id='word_1_108' title='bbox 999 2865 1058 2927; x_wconf 93' lang='lat' dir='ltr'><strong>pro</strong></span> <span class='ocrx_word' id='word_1_109' title='bbox 1080 2843 1210 2910; x_wconf 87' lang='lat' dir='ltr'><strong>adultis</strong></span> 
     </span>
    </p>
   </div>
   <div class='ocr_carea' id='block_1_7' title="bbox 23 2932 1208 3032">
    <p class='ocr_par' dir='ltr' id='par_1_7' title="bbox 23 2932 1208 3032">
     <span class='ocr_line' id='line_1_19' title="bbox 23 2932 1208 3032; baseline 0.003 -24"><span class='ocrx_word' id='word_1_110' title='bbox 23 2932 28 2941; x_wconf 52' lang='lat'>⁵</span> <span class='ocrx_word' id='word_1_111' title='bbox 149 2943 271 3010; x_wconf 87' lang='lat' dir='ltr'><strong>ibidem</strong></span> <span class='ocrx_word' id='word_1_112' title='bbox 302 2949 437 3024; x_wconf 86' lang='lat' dir='ltr'><strong>statuta,</strong></span> <span class='ocrx_word' id='word_1_113' title='bbox 478 2947 612 3032; x_wconf 91' lang='lat' dir='ltr'><strong>quando</strong></span> <span class='ocrx_word' id='word_1_114' title='bbox 643 2946 775 3032; x_wconf 89' lang='lat' dir='ltr'><strong>aliquod</strong></span> <span class='ocrx_word' id='word_1_115' title='bbox 802 2944 1047 3010; x_wconf 90' lang='lat' dir='ltr'><strong>incommodum</strong></span> <span class='ocrx_word' id='word_1_116' title='bbox 1088 2945 1208 3012; x_wconf 85' lang='lat' dir='ltr'><strong>exinde</strong></span> 
     </span>
    </p>
   </div>
   <div class='ocr_carea' id='block_1_8' title="bbox 148 3045 1209 3430">
    <p class='ocr_par' dir='ltr' id='par_1_8' title="bbox 148 3045 1209 3430">
     <span class='ocr_line' id='line_1_20' title="bbox 149 3045 1209 3133; baseline 0.006 -23"><span class='ocrx_word' id='word_1_117' title='bbox 149 3047 369 3112; x_wconf 87' lang='lat' dir='ltr'><strong>obventurum</strong></span> <span class='ocrx_word' id='word_1_118' title='bbox 385 3050 553 3125; x_wconf 88' lang='lat' dir='ltr'><strong>timeatur,</strong></span> <span class='ocrx_word' id='word_1_119' title='bbox 568 3049 754 3133; x_wconf 89' lang='lat' dir='ltr'><strong>dictamque</strong></span> <span class='ocrx_word' id='word_1_120' title='bbox 766 3046 958 3112; x_wconf 87' lang='lat' dir='ltr'><strong>facultatem</strong></span> <span class='ocrx_word' id='word_1_121' title='bbox 972 3045 1209 3116; x_wconf 78' lang='lat' dir='ltr'><strong>Sacerdotibus</strong></span> 
     </span>
     <span class='ocr_line' id='line_1_21' title="bbox 148 3145 1207 3230; baseline 0.008 -20"><span class='ocrx_word' id='word_1_122' title='bbox 148 3145 213 3210; x_wconf 93' lang='lat' dir='ltr'><strong>sibi</strong></span> <span class='ocrx_word' id='word_1_123' title='bbox 235 3145 375 3211; x_wconf 89' lang='lat' dir='ltr'><strong>subditis</strong></span> <span class='ocrx_word' id='word_1_124' title='bbox 399 3148 645 3230; x_wconf 84' lang='lat' dir='ltr'><strong>subdelegandi,</strong></span> <span class='ocrx_word' id='word_1_125' title='bbox 663 3147 797 3214; x_wconf 90' lang='lat' dir='ltr'><strong>monitis</strong></span> <span class='ocrx_word' id='word_1_126' title='bbox 819 3152 935 3215; x_wconf 88' lang='lat' dir='ltr'><strong>tamen</strong></span> <span class='ocrx_word' id='word_1_127' title='bbox 961 3148 1078 3214; x_wconf 92' lang='lat' dir='ltr'><strong>iisdem</strong></span> <span class='ocrx_word' id='word_1_128' title='bbox 1105 3153 1207 3218; x_wconf 86' lang='lat' dir='ltr'><strong>Prae-</strong></span> 
     </span>
     <span class='ocr_line' id='line_1_22' title="bbox 148 3246 1208 3325; baseline 0.008 -13"><span class='ocrx_word' id='word_1_129' title='bbox 148 3246 285 3325; x_wconf 90' lang='lat' dir='ltr'><strong>sulibus,</strong></span> <span class='ocrx_word' id='word_1_130' title='bbox 295 3251 333 3313; x_wconf 92' lang='lat' dir='ltr'><strong>ut</strong></span> <span class='ocrx_word' id='word_1_131' title='bbox 346 3247 469 3313; x_wconf 92' lang='lat' dir='ltr'><strong>sensim</strong></span> <span class='ocrx_word' id='word_1_132' title='bbox 486 3246 558 3314; x_wconf 90' lang='lat' dir='ltr'><strong>sine</strong></span> <span class='ocrx_word' id='word_1_133' title='bbox 570 3269 672 3314; x_wconf 94' lang='lat' dir='ltr'><strong>sensu</strong></span> <span class='ocrx_word' id='word_1_134' title='bbox 687 3248 730 3313; x_wconf 90' lang='lat' dir='ltr'><strong>ad</strong></span> <span class='ocrx_word' id='word_1_135' title='bbox 745 3249 886 3315; x_wconf 86' lang='lat' dir='ltr'><strong>Ritualis</strong></span> <span class='ocrx_word' id='word_1_136' title='bbox 901 3250 1041 3316; x_wconf 86' lang='lat' dir='ltr'><strong>Romani</strong></span> <span class='ocrx_word' id='word_1_137' title='bbox 1053 3273 1208 3319; x_wconf 90' lang='lat' dir='ltr'><strong>normam</strong></span> 
     </span>
     <span class='ocr_line' id='line_1_23' title="bbox 151 3345 440 3430; baseline 0.003 -19"><span class='ocrx_word' id='word_1_138' title='bbox 151 3345 258 3412; x_wconf 88' lang='lat' dir='ltr'><strong>redire</strong></span> <span class='ocrx_word' id='word_1_139' title='bbox 275 3349 440 3430; x_wconf 84' lang='lat' dir='ltr'><strong>satagant.</strong></span> 
     </span>
    </p>
   </div>
   <div class='ocr_carea' id='block_1_9' title="bbox 191 3457 1029 3544">
    <p class='ocr_par' dir='ltr' id='par_1_9' title="bbox 191 3457 1029 3544">
     <span class='ocr_line' id='line_1_24' title="bbox 191 3457 1029 3544; baseline 0.005 -22"><span class='ocrx_word' id='word_1_140' title='bbox 191 3458 375 3523; x_wconf 82' lang='lat' dir='ltr'><strong>Contrariis</strong></span> <span class='ocrx_word' id='word_1_141' title='bbox 391 3459 574 3543; x_wconf 91' lang='lat' dir='ltr'><strong>quibusque</strong></span> <span class='ocrx_word' id='word_1_142' title='bbox 597 3457 790 3544; x_wconf 85' lang='lat' dir='ltr'><strong>neutiquam</strong></span> <span class='ocrx_word' id='word_1_143' title='bbox 806 3461 1029 3529; x_wconf 86' lang='lat' dir='ltr'><strong>obstantibus.</strong></span> 
     </span>
    </p>
   </div>
   <div class='ocr_carea' id='block_1_10' title="bbox 146 3570 1206 3740">
    <p class='ocr_par' dir='ltr' id='par_1_10' title="bbox 146 3570 1206 3740">
     <span class='ocr_line' id='line_1_25' title="bbox 190 3570 1206 3664; baseline 0.011 -31"><span class='ocrx_word' id='word_1_144' title='bbox 190 3571 316 3634; x_wconf 90' lang='lat' dir='ltr'><strong>Datum</strong></span> <span class='ocrx_word' id='word_1_145' title='bbox 339 3572 459 3636; x_wconf 87' lang='lat' dir='ltr'><strong>Romae</strong></span> <span class='ocrx_word' id='word_1_146' title='bbox 482 3592 522 3636; x_wconf 85' lang='lat' dir='ltr'><strong>ex</strong></span> <span class='ocrx_word' id='word_1_147' title='bbox 544 3570 625 3635; x_wconf 84' lang='lat' dir='ltr'><strong>Aed.</strong></span> <span class='ocrx_word' id='word_1_148' title='bbox 644 3570 679 3637; x_wconf 79' lang='lat' dir='ltr'><strong>S.</strong></span> <span class='ocrx_word' id='word_1_149' title='bbox 696 3570 732 3638; x_wconf 82' lang='lat'><strong>0.</strong></span> <span class='ocrx_word' id='word_1_150' title='bbox 755 3572 795 3639; x_wconf 91' lang='lat' dir='ltr'><strong>de</strong></span> <span class='ocrx_word' id='word_1_151' title='bbox 810 3574 907 3661; x_wconf 91' lang='lat' dir='ltr'><strong>Prop.</strong></span> <span class='ocrx_word' id='word_1_152' title='bbox 920 3574 1002 3640; x_wconf 85' lang='lat' dir='ltr'><strong>Fide</strong></span> <span class='ocrx_word' id='word_1_153' title='bbox 1018 3575 1071 3641; x_wconf 90' lang='lat' dir='ltr'><strong>die</strong></span> <span class='ocrx_word' id='word_1_154' title='bbox 1088 3581 1106 3641; x_wconf 95' lang='lat'>1</span> <span class='ocrx_word' id='word_1_155' title='bbox 1125 3579 1206 3664; x_wconf 84' lang='lat' dir='ltr'><strong>Sep-</strong></span> 
     </span>
     <span class='ocr_line' id='line_1_26' title="bbox 146 3667 389 3740; baseline 0.008 -7"><span class='ocrx_word' id='word_1_156' title='bbox 146 3667 280 3735; x_wconf 87' lang='lat' dir='ltr'><strong>tembris</strong></span> <span class='ocrx_word' id='word_1_157' title='bbox 297 3673 389 3740; x_wconf 80' lang='grc'>1876.</span> 
     </span>
    </p>
   </div>
   <div class='ocr_carea' id='block_1_11' title="bbox 188 3786 1159 3979">
    <p class='ocr_par' dir='ltr' id='par_1_11' title="bbox 188 3786 1159 3979">
     <span class='ocr_line' id='line_1_27' title="bbox 526 3786 1159 3883; baseline 0.019 -30"><span class='ocrx_word' id='word_1_158' title='bbox 526 3791 729 3857; x_wconf 66' lang='grc'>1111111111</span> <span class='ocrx_word' id='word_1_159' title='bbox 745 3795 847 3860; x_wconf 80' lang='lat' dir='ltr'><strong>Orno.</strong></span> <span class='ocrx_word' id='word_1_160' title='bbox 871 3786 1031 3878; x_wconf 77' lang='lat' dir='ltr'><strong>Famem,</strong></span> <span class='ocrx_word' id='word_1_161' title='bbox 1047 3800 1159 3883; x_wconf 64' lang='lat' dir='ltr'><strong>Pauus.</strong></span> 
     </span>
     <span class='ocr_line' id='line_1_28' title="bbox 188 3888 983 3979; baseline 0.011 -23"><span class='ocrx_word' id='word_1_162' title='bbox 188 3910 260 3957; x_wconf 88' lang='grc'>111.</span> <span class='ocrx_word' id='word_1_163' title='bbox 272 3888 306 3954; x_wconf 69' lang='lat'><strong>*1⁴</strong></span> <span class='ocrx_word' id='word_1_164' title='bbox 319 3910 383 3958; x_wconf 86' lang='lat' dir='ltr'><strong>sro.</strong></span> <span class='ocrx_word' id='word_1_165' title='bbox 527 3895 558 3958; x_wconf 88' lang='lat' dir='ltr'><strong>J.</strong></span> <span class='ocrx_word' id='word_1_166' title='bbox 573 3894 613 3959; x_wconf 88' lang='lat' dir='ltr'><strong>B.</strong></span> <span class='ocrx_word' id='word_1_167' title='bbox 635 3895 794 3979; x_wconf 79' lang='lat' dir='ltr'><strong>Aouozm,</strong></span> <span class='ocrx_word' id='word_1_168' title='bbox 810 3901 851 3965; x_wconf 88' lang='lat' dir='ltr'><strong>P.</strong></span> <span class='ocrx_word' id='word_1_169' title='bbox 868 3902 983 3966; x_wconf 71' lang='lat' dir='ltr'><strong>Securi.</strong></span> 
     </span>
    </p>
   </div>
   <div class='ocr_carea' id='block_1_12' title="bbox 0 0 1290 4410">
    <p class='ocr_par' dir='ltr' id='par_1_12' title="bbox 0 0 1290 4410">
     <span class='ocr_line' id='line_1_29' title="bbox 0 0 1290 4410; baseline 0 5"><span class='ocrx_word' id='word_1_170' title='bbox 0 0 1290 4410; x_wconf 95' lang='lat' dir='ltr'><strong> </strong></span> 
     </span>
    </p>
   </div>
  </div>
 </body>
</html>
