2572 4410
556 411 619 477 281

300 715 663 803 APPENDIX
728 717 876 806 XIV.

424 897 760 970 mmmmm

462 1304 713 1372 DECRETUM

233 1451 294 1510 DE
329 1450 612 1512 VISITATIONE
649 1451 706 1512 SS.
737 1451 945 1512 LIMINUM.

103 1612 190 1683 Gum
204 1613 360 1701 Episcopi
374 1611 555 1679 Hiberniae
565 1610 665 1697 juxta
687 1610 967 1682 constitutionem
990 1637 1037 1683 sa.
1053 1639 1117 1683 me.

59 1715 147 1786 Sixti
161 1719 201 1782 V.
219 1738 304 1801 quae
318 1715 435 1802 incipit
449 1718 616 1781 Romanas
632 1717 783 1798 Pontifex
798 1715 863 1782 diei
874 1719 917 1782 20
931 1717 1119 1786 Decembris

59 1823 147 1887 1685
170 1839 266 1886 sacra
290 1822 424 1886 Limina
438 1819 674 1905 Apostolorum
697 1821 828 1885 visitare
850 1827 967 1903 quarto
990 1841 1117 1907 quoque

57 1943 149 1991 anno
163 1922 446 2007 adstringerentur
460 1924 494 1987 S.
508 1921 648 1987 Concilii
664 1923 889 2007 congregatio,
905 1921 1012 1988 varias
1026 1944 1118 2008 prae·

57 2024 140 2093 dicti
167 2027 274 2109 Regni
302 2027 504 2091 calamitates
534 2026 775 2103 commiseram,
805 2028 975 2091 annuente
1004 2028 1029 2092 l.
1051 2046 1117 2092 rec.

57 2129 198 2194 Urbano
209 2127 275 2193 ΡΡ.
288 2129 385 2195 VIII.
397 2130 480 2213 ipsis
492 2128 684 2206 indulserat,
692 2135 731 2192 ut
738 2129 887 2194 eamdem
897 2126 1118 2194 visitationem

57 2231 201 2314 singulis
217 2231 317 2297 semel
339 2229 504 2296 decenniis
527 2231 686 2296 duntaxat
708 2232 836 2315 explere
857 2239 1000 2316 possent.
1054 2230 1118 2297 Ast

56 2331 246 2400 immutatis
275 2335 312 2397 in
337 2333 499 2399 Hibernia
523 2354 633 2398 rerum
667 2334 838 2418 adjunctis,
861 2340 960 2418 atque
981 2333 1118 2399 insimul
1138 2411 1142 2419 ι

57 2437 195 2521 cupiens
228 2433 352 2503 SSfrius
381 2438 476 2502 Diius
501 2436 621 2503 Noster
644 2437 724 2500 Pius
748 2436 822 2506 Dira
843 2437 937 2502 Prov.
965 2435 1030 2502 ΡΡ.
1056 2435 1115 2502 ΙΧ.

57 2537 213 2605 laudatos
229 2536 404 2604 Sacrorum
419 2540 609 2604 antistitum
626 2541 756 2622 saepius
771 2536 972 2615 inviserant
985 2539 1120 2624 planius

59 2643 191 2726 cognito
221 2640 443 2706 Ecclesiarum
474 2640 554 2726 ipsis
585 2639 835 2707 commissarum
872 2644 971 2721 statu,
1002 2660 1119 2708 earum

59 2741 311 2809 necessitatibus
327 2743 510 2830 promptius
527 2763 691 2811 occurrere
705 2745 823 2823 valeat,
839 2751 1054 2812 memoratum
1068 2747 1117 2810 in-

60 2846 191 2911 dultum
207 2844 370 2911 moderari
385 2849 420 2911 in
434 2849 508 2912 Diio
524 2850 664 2913 censuit.

104 2946 279 3014 Referente
300 2951 413 3032 itaque
436 2951 643 3034 infrascripto
667 2952 700 3015 S.
718 2952 851 3035 Gangis.
867 2950 907 3015 de
921 2951 1019 3034 Prop.
1036 2951 1118 3016 Fide

60 3051 327 3135 pro-Secretario,
342 3051 504 3120 Sanctitas
520 3051 586 3119 Sua
600 3054 753 3118 mandare
768 3053 899 3137 dignata
913 3059 962 3118 est
976 3055 1012 3116 in
1033 3053 1118 3118 Aud.

61 3154 83 3218 6
99 3152 246 3239 Augusti
261 3161 298 3219 ut
313 3155 537 3221 Hibernenses
552 3157 722 3221 Praesules
737 3154 875 3241 singulis
891 3155 1121 3240 quinquenniis

61 3276 153 3323 sacra
178 3258 312 3322 Limina
342 3258 441 3336 adire,
472 3278 508 3322 ac
538 3256 730 3324 relationem
762 3278 859 3342 super
888 3265 978 3324 statu
1007 3276 1119 3322 earum

59 3359 256 3424 dioecesium
274 3361 307 3424 S.
327 3358 404 3426 Sedi
424 3359 575 3425 exhibere
596 3359 632 3426 in
653 3369 821 3446 posterum
842 3362 1027 3438 teneantur,
1043 3379 1119 3424 con·
1168 3427 1171 3431 ,

59 3459 173 3526 trariis
185 3464 443 3546 quibuscumque
453 3462 544 3528 haud
553 3465 765 3530 obstantibus.
792 3463 1121 3546 Quaderepraesens
1168 3502 1173 3511 ·

60 3564 242 3629 Decretum
257 3566 370 3629 eadem
389 3566 550 3630 Sanctitas
568 3565 636 3632 Sua
651 3563 794 3652 expediri
804 3568 917 3650 jussit.

107 3664 233 3732 Datum
248 3668 370 3732 Romae
386 3690 426 3732 ex
439 3669 522 3733 Aed.
540 3669 574 3734 S.
589 3667 857 3754 congregationis
868 3669 909 3735 de
921 3668 1016 3754 Prop.
1026 3667 1119 3748 Fide,

112 3767 175 3835 Die
191 3772 210 3834 1
228 3769 435 3855 Septembris
450 3770 544 3844 1876.

537 3888 643 3953 sax.
660 3888 761 3952 om.
777 3885 939 3964 rmum,
955 3883 1065 3967 raca

108 4003 180 4051 noc.
198 3995 230 4058 ›1‹
246 4005 311 4053 src.
544 3988 567 4054 J
569 4032 577 4050 .
592 3989 630 4053 B.
644 3989 803 4068 Aeaeam,
819 3989 858 4053 P.
874 3988 990 4054 Secret.

1022 4089 1040 4130 Τ
