2572 4410
558 114 621 180 281

55 275 232 349 deferatur.
278 284 408 350 Occulte
438 285 560 350 deferre
588 287 624 350 in
653 285 777 368 itinere,
809 291 921 376 nequit
950 289 1118 358 moraliter

62 378 130 447 fieri
144 382 269 466 absque
283 384 487 448 irreverentia
501 385 585 448 tanti
600 385 823 452 sacramenti.”

102 490 136 552 5.
159 485 328 551 Verriaelli
342 488 382 551 de
397 488 590 571 Apostoliais
605 485 819 555 Missionibus
835 492 898 556 Tit
910 489 940 556 8.
952 512 1028 576 pag.
1044 494 1118 557 136.

60 590 224 672 expendit,
243 589 325 652 “An
340 589 437 654 liceat
451 587 486 652 in
506 611 586 655 novo
607 588 689 655 Orbe
710 589 926 657 Miseionariis
944 595 974 657 S.
989 593 1119 658 Eucha-

58 687 187 753 ristiam
210 690 291 754 collo
314 709 493 773 appensam
525 709 635 754 seeum
657 691 693 754 in
714 692 831 756 itinere
853 693 976 757 oeoulte
999 693 1121 758 deferre

57 799 122 857 etc.
146 793 179 856 et
207 791 362 875 quidquid
390 793 433 856 sit
453 790 494 855 de
515 794 615 856 veteri
637 790 808 876 disciplina
837 793 1004 858 concludit
1025 792 1121 858 hodie

58 893 256 961 universalis
280 894 448 959 Ecclesiae
470 896 704 960 consuetudine
724 902 757 960 et
776 897 989 980 plurimorum
1008 898 1121 961 Conci-

57 999 181 1062 liorum
198 997 335 1063 decretis
354 995 556 1082 prohibitum
579 1004 630 1062 est
652 996 776 1062 deferre
799 999 922 1063 occulte
941 997 974 1064 S.
991 997 1121 1061 Eucha-

58 1101 192 1167 ristiam
218 1098 253 1164 in
279 1099 406 1178 itinere,
434 1102 500 1164 nisi
525 1121 584 1184 pro
610 1098 875 1166 communicando
901 1099 1040 1178 infirmo,
1068 1101 1124 1165 ubi

60 1208 150 1266 esset
172 1201 271 1269 timor
294 1206 327 1264 et
349 1201 530 1284 periculum
551 1194 742 1276 infidelium,
766 1204 799 1263 et
821 1198 995 1263 dummodo
1011 1199 1054 1262 ad
1073 1198 1122 1261 in·

60 1300 196 1364 firmum
212 1318 280 1363 non
301 1301 346 1363 sit
366 1296 466 1361 nimis
486 1297 620 1380 longum
640 1297 702 1360 iter
723 1296 779 1361 sed
798 1294 963 1361 modicum
979 1293 1124 1387 etunius

60 1402 159 1467 diei.'’

108 1505 137 1568 6.
163 1502 302 1566 Thomas
326 1521 346 1565 a
369 1500 450 1565 Jesu
473 1500 511 1563 de
534 1521 655 1582 procur.
679 1499 775 1563 salut.
800 1499 945 1563 omnium
976 1499 1123 1579 gentium
1207 1561 1209 1565 ,

61 1605 118 1671 lib.
148 1603 179 1669 7.
209 1608 307 1668 “non
334 1603 486 1666 auderem
515 1602 688 1684 Evangelii
716 1601 887 1664 ministros
916 1596 1033 1681 quiin
1058 1596 1125 1661 illis

61 1705 253 1791 regionibus
277 1713 333 1770 aut
355 1706 427 1768 aliis
452 1701 635 1767 infidelium
655 1700 829 1786 provinciis
844 1706 1079 1776 conversantes,
1097 1698 1125 1761 si

63 1811 260 1877 imminente
275 1807 391 1875 mortis
402 1807 544 1892 periculo
557 1827 666 1871 seeum
678 1803 853 1883 Viaticum,
866 1804 988 1876 occulte
1000 1809 1123 1880 tamen,

64 1918 238 1992 deferrent,
254 1912 502 1979 condemnare.’'
