2572 4410
615 290 679 355 211

608 524 700 608 5111.

146 665 369 724 summumne,
398 664 644 723 ΟΟΜΜὈΝῙΒΜἩΒ,
673 665 869 711 soemrl'rns
899 665 1153 727 cunensem,

177 769 373 816 boemianus
387 767 548 827 ΒΙΒῙιΙΟΔΕ,
566 768 760 814 ΒΟΟΙΕΤΑΤΕΒ
775 768 1121 816 unumne-mannahun.

165 883 340 969 Ejusmodi
354 890 460 968 pestes
473 904 566 966 saepe
577 885 838 968 gravissimisque
852 884 1018 949 verborum
1029 868 1177 950 formulis

122 986 334 1071 reprobantur
355 988 390 1050 in
411 986 521 1069 Epist.
545 984 678 1069 Encycl.
711 986 775 1064 Qut
795 987 951 1068 pluribus,
975 990 995 1053 9
1017 987 1174 1052 Novemb.

123 1090 232 1168 18463
254 1091 290 1154 in
311 1089 414 1153 Alloe.
445 1088 564 1166 Quibrn
587 1088 784 1170 quantisque,
809 1090 852 1152 20
873 1089 995 1172 Aprilis
1012 1090 1117 1167 1849;
1140 1091 1175 1154 in

121 1191 232 1275 Epist.
248 1191 383 1274 Encyel.
399 1191 540 1254 Nescitis
564 1200 594 1254 et
618 1190 799 1266 Nobiscum,
816 1192 837 1255 8
858 1189 987 1257 Decem.
1006 1192 1091 1258 1849
1107 1214 1116 1269 ;
1139 1193 1175 1256 in

120 1294 225 1359 Alloc.
248 1293 413 1376 Sinpuleri
443 1292 589 1374 eundern
621 1290 850 1358 9Deeembris
881 1295 984 1371 18543
1008 1296 1043 1357 in
1064 1293 1173 1379 Epist.

120 1397 254 1480 Eneycl.
272 1397 398 1476 Quanto
413 1396 615 1477 conjiciamur
627 1416 775 1474 moerore,
793 1397 834 1459 10
849 1395 989 1480 Augusti
1005 1396 1102 1461 1868.

288 1788 438 1833 ERRORES
460 1786 504 1832 DE
526 1786 683 1831 EOGLESH
703 1786 847 1841 EJUSQUE
866 1788 1012 1835 JURIBUS·

167 1887 220 1951 19.
243 1887 391 1951 Ecclesia
425 1909 490 1951 non
520 1892 571 1950 est
591 1905 666 1949 vera
688 1887 887 1969 perfectaque
911 1890 1045 1953 societas
1073 1889 1173 1972 plane

119 1987 235 2065 libera,
251 2011 311 2053 nec
325 1990 427 2073 pollet
442 1991 511 2053 suis
526 1990 663 2071 propriis
678 1994 712 2052 et
736 1989 957 2054 constantibus
967 1990 1096 2074 juribus
1111 1992 1173 2057 sibi

71 2100 80 2109 '
119 2111 139 2153 0
154 2091 261 2157 divino
278 2114 335 2157 suo
351 2091 519 2156 fundatore
534 2090 668 2166 collatis,
683 2089 739 2154 sed
753 2091 855 2155 civilis
866 2093 1038 2174 potestatis
1053 2100 1104 2157 est
1118 2092 1171 2158 de·

119 2196 213 2260 finire
228 2217 310 2280 quae
325 2197 391 2259 sint
404 2193 570 2258 Ecclesiae
581 2196 655 2278 jura
672 2215 707 2257 ec
721 2195 852 2272 limites,
868 2196 953 2258 intra
967 2217 1047 2280 quos
1062 2198 1172 2262 eadem

114 2300 190 2381 jura
205 2319 348 2362 exercere
362 2304 468 2382 queat.

161 2399 266 2465 Alloe.
283 2401 449 2483 Singulari
464 2399 611 2481 quedem,
624 2402 644 2466 9
660 2398 845 2464 Decembris
862 2401 957 2465 1854.

160 2502 261 2567 Α1100.
276 2503 391 2567 Multis
404 2502 623 2584 precibusque,
642 2505 682 2570 17
698 2501 882 2566 Decembris
899 2503 995 2567 1860.

160 2605 262 2670 Alloc.
279 2606 429 2669 Macrine
444 2603 579 2685 quidem,
596 2607 617 2669 9
633 2604 725 2669 lunii
738 2605 834 2668 1862.

161 2709 214 2772 20.
230 2708 606 2790 Ecclesiasticapotestas
618 2726 712 2770 suam
723 2709 943 2772 auctoritatem
954 2730 1096 2774 exercere
1107 2729 1173 2775 non

93 2822 96 2827 '
117 2809 211 2875 debet
228 2810 347 2895 absque
362 2810 465 2874 civilis
481 2808 638 2873 Gubernii
652 2810 744 2872 venia
761 2811 792 2874 et
808 2831 952 2875 assensu.

159 2913 264 2977 Alloc.
280 2913 433 2976 Meminit
445 2913 668 2994 uuusquisque,
686 2913 728 2975 30
746 2909 941 2994 Septembris
958 2913 1053 2977 1861.

154 3016 369 3079 21.Εο010010
377 3013 745 3097 nonhabetpotestatem
753 3013 930 3096 dogmatice
938 3014 1112 3078 definiendi
1120 3035 1168 3080 re-

115 3118 269 3202 ligionem
280 3116 462 3183 Catholicae
472 3116 636 3180 Ecclesiae
646 3135 715 3180 esse
728 3117 822 3180 unice
830 3138 937 3180 reram
947 3118 1146 3200 religionem.

159 3218 242 3286 Litt.
265 3221 378 3305 Apost.
395 3218 593 3300 Multiplices
608 3219 703 3295 inter,
718 3221 759 3281 10
775 3218 868 3283 Junii
884 3220 980 3283 1851.

159 3324 214 3387 22.
239 3322 410 3406 othgario,
442 3343 504 3405 qua
541 3319 700 3385 Catholici
736 3323 883 3405 magistri
926 3327 960 3385 et
998 3323 1168 3404 scriptores

116 3427 249 3490 omnino
273 3424 528 3506 adstringuntur,
551 3429 728 3487 coarctatur
750 3425 849 3488 iniis
871 3425 997 3488 tantum
1026 3445 1106 3508 quae
1128 3424 1168 3489 ab

114 3527 278 3591 infallibili
292 3527 455 3590 Ecclesiae
466 3527 587 3610 judicio
602 3525 702 3590 veluti
716 3526 791 3590 fidei
805 3526 954 3610 dogmata
964 3526 1003 3591 ab
1019 3526 1168 3592 omnibus

114 3630 270 3694 credenda
284 3635 515 3712 proponuntur.
1144 3618 1147 3622 ’

156 3733 264 3816 Epist.
281 3731 332 3795 ad.
348 3729 497 3815 Archiep.
514 3731 654 3814 Erising.
671 3731 759 3795 Tuea
769 3730 910 3809 libenter,
927 3733 967 3795 21
981 3729 1166 3797 Decembris

115 3835 211 3900 1863.
