2572 4410
639 276 682 343 79

126 464 265 544 quanter
299 458 450 536 invisent,
488 458 642 543 pronique
678 456 809 523 adorent
845 478 881 522 ae
909 464 1109 540 venerentur,
1142 483 1178 528 ac

127 567 317 644 eapropter,
332 560 549 625 Ecelesiarum
564 581 695 626 suarum
710 561 794 625 fores
815 566 974 645 patentes,
992 561 1106 627 saltem
1120 585 1178 648 per

125 662 248 746 aliquot
276 663 382 740 horas,
408 662 545 746 singulis
568 662 680 727 diebus
706 663 898 746 relinquant,
926 660 1118 747 ubicumque
1144 665 1178 730 id

121 766 288 831 commode
304 772 335 831 et
350 767 421 831 sine
436 766 504 830 ullo
519 767 740 831 irreverentiae
755 767 895 852 periculo
910 767 979 831 fieri
993 774 1109 852 potest.

167 870 221 932 51.
247 867 388 953 Tempus
413 867 564 953 paschale
593 889 650 952 pro
680 874 747 932 tota
777 869 944 947 Hibernia,
976 890 1015 933 ex
1051 870 1177 935 indulto

123 973 219 1036 Pauli
234 973 285 1050 V.,
301 994 320 1036 a
332 972 383 1035 die
395 972 548 1036 Cinerum
560 993 662 1056 usque
675 972 715 1035 ad
726 972 811 1036 diem
823 972 1031 1037 Ascensionis
1043 971 1177 1037 Domini

125 1077 368 1141 extendebatur.
408 1075 492 1139 Cum
507 1097 580 1140 vero
595 1075 635 1140 ob
650 1076 893 1140 multitudinem
915 1074 1070 1154 fidebam,
1095 1078 1178 1142 intra

124 1181 207 1245 illud
234 1187 361 1263 tempus
388 1200 499 1243 omnes
524 1185 728 1263 praeceptum
754 1179 924 1263 adimplere
947 1200 1013 1244 non
1046 1188 1178 1265 possent

123 1287 264 1369 benigne
279 1283 415 1348 indulsit
429 1304 580 1367 praesens
602 1283 751 1346 Pontifex
765 1290 803 1347 ut
825 1283 912 1347 idem
926 1289 1055 1368 tempus
1076 1306 1177 1368 usque

123 1389 164 1455 ad
187 1395 332 1452 octavam
346 1387 438 1451 Festi
454 1387 512 1451 SS.
525 1385 753 1472 Apostolorum
767 1387 856 1450 Petri
878 1393 910 1451 et
931 1387 1025 1451 Pauli
1046 1390 1176 1453 extend-

122 1489 257 1557 eretur.1

165 1598 219 1660 52.
236 1595 370 1661 Perochi
380 1601 522 1679 tempore
534 1594 650 1658 aestivo
666 1593 837 1678 cujuslibet
846 1594 922 1658 anni
930 1614 1046 1677 pueros
1056 1589 1110 1661 eos
1121 1594 1177 1680 qui

120 1699 163 1764 ad
176 1700 315 1782 primam
331 1698 598 1762 communionem
613 1696 758 1760 accedere
773 1695 895 1774 volunt,
912 1697 1107 1780 aliquamdiu
1121 1719 1177 1781 per

119 1823 156 1868 se
171 1803 223 1866 vel
237 1824 293 1885 per
309 1823 384 1866 suos
399 1801 542 1864 Vicarios
557 1800 705 1863 erudiant
720 1799 899 1878 denatura,
915 1801 1042 1878 virtute,
1060 1802 1176 1866 effecti-

118 1907 248 1990 busque
264 1907 321 1970 SS.
338 1905 560 1969 Eucharistiae
576 1925 611 1967 ae
628 1904 666 1967 de
682 1905 867 1969 necessariis
890 1904 930 1967 ad
951 1903 1040 1968 illam
1062 1905 1123 1969 rite
1145 1911 1177 1969 et

119 2012 219 2094 digne
235 2009 470 2093 suscipiendam
485 2007 759 2091 dispositionibus.

166 2117 221 2180 53.
245 2115 347 2178 Missa
361 2114 396 2175 in
412 2133 474 2195 qua
488 2112 591 2194 prima
605 2112 672 2176 rice
687 2111 779 2194 pueri
795 2110 888 2174 Sacra
900 2110 1018 2193 Synaxi
1029 2111 1174 2176 reficiun-

120 2222 187 2293 tur,
204 2237 241 2280 ea
256 2237 318 2299 qua
333 2216 401 2277 fieri
416 2219 521 2296 potest
536 2214 676 2276 maxima
693 2212 895 2276 solemnitate
911 2211 1096 2275 celebretur.

165 2322 219 2384 54.
243 2322 284 2382 In
300 2320 410 2382 eadem
425 2319 621 2395 infirmitate,
634 2319 662 2381 si
677 2317 807 2400 longius
823 2317 1028 2400 protrahitur,
1045 2319 1174 2401 parochi

120 2426 249 2508 saepius
263 2445 351 2487 sacro
363 2423 486 2485 Viatieo
502 2427 646 2505 aegrotos
663 2422 816 2498 reficiant,
834 2443 906 2485 cum
921 2422 1002 2485 illud
1013 2423 1130 2486 iterum
1142 2430 1174 2488 et

119 2528 249 2610 saepius
264 2527 351 2588 licite
367 2524 435 2586 dari
449 2524 561 2606 possit.
607 2524 648 2586 In
665 2522 821 2586 delatione
839 2521 1042 2593 Sanctissimi
1063 2524 1102 2589 ad
1124 2526 1173 2589 in-

118 2631 242 2705 firmos,
260 2633 390 2691 caveant
408 2624 603 2702 Sacerdotes,
621 2647 661 2689 ne
678 2625 750 2689 aliis
762 2627 898 2708 negotiis
911 2646 980 2690 sese
991 2627 1169 2692 indecenter

119 2733 347 2806 immisceant;
373 2734 404 2791 et
427 2748 558 2810 prorsus
574 2727 799 2790 abstinendum
816 2733 865 2790 est
880 2727 918 2790 ab
942 2727 1042 2791 abusu
1067 2750 1085 2792 a
1102 2729 1170 2793 Sao.

119 2837 223 2918 (long.
240 2834 279 2896 de
302 2833 396 2915 Prop.
412 2830 492 2894 Fide
514 2831 679 2913 reprobato
704 2829 793 2909 (Feb.
817 2832 858 2894 25
882 2852 930 2894 an.
958 2833 1067 2909 1859),
1100 2833 1122 2863 “
1135 2838 1171 2897 ut

121 2936 335 3002 “sacerdotes
360 2933 418 2996 SS.
437 2931 680 2999 Sacramentum
696 2954 714 2995 a
728 2953 822 2996 mane
838 2953 939 3016 usque
955 2933 994 2996 ad
1008 2955 1170 3017 vesperam

120 3043 144 3073 “
157 3062 266 3106 secum
280 3039 432 3114 deferant,
444 3058 480 3099 ea
491 3042 618 3099 tantum
631 3037 670 3100 de
681 3057 786 3114 eausa,
801 3037 884 3119 quod
895 3038 929 3100 in
941 3037 1079 3121 aliquem
1090 3038 1170 3101 forte

123 3145 146 3175 “
163 3148 330 3226 aegrotum
344 3140 483 3202 incidere
497 3135 670 3221 possint.”2

161 3248 215 3310 55.
239 3243 425 3307 Benedictio
439 3242 598 3305 Solemnis
613 3263 686 3305 cum
700 3241 757 3304 SS.
773 3241 976 3305 Sacramento
986 3242 1054 3305 dari
1064 3248 1169 3325 potest

116 3349 254 3432 singulis
269 3347 447 3410 Dominicis
462 3352 494 3409 et
509 3345 622 3409 diebus
637 3345 756 3423 Festis,
770 3347 834 3409 nisi
850 3347 942 3410 aliter
956 3347 995 3410 ab
1010 3347 1168 3430 Episcopo

116 3457 290 3518 statuatur.

140 3620 143 3625 ,
160 3555 210 3619 56.
236 3551 421 3615 Sacerdotes
436 3550 606 3633 diligenter
619 3570 652 3612 se
665 3549 835 3633 disponant
848 3550 1048 3613 Sanctissimi
1066 3550 1166 3616 Sacri-

114 3660 181 3724 ficii
195 3655 410 3730 celebrationi,
427 3658 459 3717 et
474 3653 597 3717 debitas
617 3660 727 3737 postea
741 3655 859 3738 gratias
876 3675 1000 3736 semper
1015 3661 1120 3738 agant.

160 3765 212 3831 57.
234 3762 285 3825 Ne
313 3746 407 3823 liceat
436 3780 576 3843 unquam
609 3760 831 3824 Sacerdotibus
862 3761 930 3826 sine
956 3767 1044 3825 veste
1072 3762 1165 3826 talari

114 3867 252 3931 Missam
267 3859 434 3926 celebrare.

243 3993 326 4046 ¹llide
336 3991 453 4057 Append.
463 3993 509 4043 VI.
520 4008 576 4070 pag.
591 3995 647 4044 227.
692 3991 771 4044 2Vide
781 3993 897 4057 Append.
907 3993 969 4044 VII.
980 3995 1036 4042 228.
