2572 4410
657 321 729 413 ¹rs

229 495 334 578 Igitur
349 501 419 558 acta
432 499 542 558 nostra
556 491 748 577 principium
771 502 978 579 sumpserunt
998 517 1017 560 a
1031 499 1233 564 confessione

185 599 423 683 privilegiorum
446 616 528 681 quae
551 596 623 661 Tibi
649 598 684 660 in
706 617 844 681 persona
866 599 963 663 Beati
985 600 1073 663 Petri
1095 604 1240 678 contulit

186 702 288 775 Deus,
309 709 342 765 et
373 722 453 785 quae
474 699 655 763 Concilium
676 700 924 765 Oecumenicum
944 703 1138 767 Vaticanum
1161 713 1232 770 tam

186 806 291 867 fauste
306 825 325 867 a
340 800 384 866 Te
394 805 577 884 incoeptum
587 809 655 865 tam
663 803 832 867 infeliciter
846 804 1062 887 interruptum
1075 804 1231 871 definivit.

186 907 323 971 Decreta
338 911 560 969 sacrosanctae
574 905 664 968 illius
689 904 809 988 Synodi
823 907 890 971 toto
912 907 1004 971 corde
1026 909 1163 991 amplexi
1179 932 1234 974 su·

186 1030 271 1086 mus,
286 1009 475 1093 praesertim
490 1015 598 1072 autem
623 1009 888 1073 infallibilitatem
904 1011 1043 1074 Romani
1060 1007 1232 1077 Pontifieis

187 1132 227 1176 ex
241 1110 391 1176 cathedra
420 1111 564 1175 docentis
589 1132 641 1183 ore
664 1133 802 1177 consono
825 1119 857 1175 ct
878 1113 972 1195 pleno
987 1112 1082 1177 corde
1096 1116 1234 1197 professi

186 1234 313 1280 sumus.
359 1215 405 1278 Ut
429 1214 565 1277 fideliter
586 1235 606 1276 a
628 1215 712 1279 clero
741 1222 773 1279 et
803 1215 978 1280 christiano
1006 1214 1233 1298 populo-curis

186 1318 308 1382 nostris
338 1319 510 1382 commisso
537 1324 709 1383 teneantur
749 1339 829 1402 quae
867 1318 1000 1382 definita
1031 1320 1161 1383 fuerunt
1192 1320 1232 1384 ab

186 1419 335 1484 Ecclesia
352 1423 371 1450 “
384 1441 464 1504 quae
479 1425 528 1484 est
542 1421 691 1484 columna
705 1427 737 1484 et
748 1419 991 1486 firmamentum
1007 1418 1151 1484 veritatis
1163 1424 1182 1451 ’⁹
1198 1417 1246 1486 iu'

186 1521 243 1586 illo
259 1524 401 1588 Concilio
417 1523 476 1587 sub
493 1525 538 1586 Te
552 1524 727 1587 coadunato
749 1544 809 1606 pro
824 1521 947 1586 viribus
964 1524 998 1587 et
1013 1522 1235 1589 indesinenter

187 1629 307 1690 efficere
322 1626 517 1690 conabimur.

230 1730 398 1793 Caeterum
423 1729 584 1812 plenariae
614 1727 713 1809 hujus
739 1729 858 1810 Synodi
874 1749 993 1792 munus
1009 1730 1105 1791 etiam
1121 1729 1235 1793 existi·

187 1853 325 1909 mamus,
341 1853 439 1895 novas
464 1830 684 1894 Beatitudinis
707 1832 794 1893 Tuae
818 1836 923 1912 grates
944 1831 1091 1894 exhibere
1106 1838 1237 1915 propter

187 1935 407 2003 definitionem
432 1934 592 2017 dogmatis
617 1933 768 1996 catholici
793 1933 832 1996 de
857 1934 1069 2024 immaculato
1089 1935 1238 2018 Virginis

187 2037 307 2102 Mariae
337 2039 522 2120 Conceptu:
560 2037 719 2121 quatenus
755 2043 830 2118 post
863 2037 1015 2100 ultimum
1053 2036 1238 2101 Concilium

186 2140 370 2206 Plenarium
391 2143 426 2204 in
448 2139 512 2204 ista
533 2142 662 2225 regione
684 2139 879 2203 celebratum
903 2140 981 2204 exiit
998 2160 1186 2222 supremum
1200 2148 1239 2205 et

186 2245 352 2308 infallibile
367 2243 553 2310 Sanctitatis
570 2244 657 2307 'luae
683 2244 856 2318 decretum,
873 2243 1053 2325 plaudente
1067 2249 1136 2307 toto
1158 2243 1238 2307 orbe

186 2348 352 2412 catholico.
397 2348 465 2410 Nos
479 2368 551 2410 vero
575 2348 629 2430 qui
650 2347 752 2409 talem
769 2368 804 2409 ac
820 2353 942 2409 tantam
958 2347 1018 2410 sub
1033 2348 1096 2410 istc
1111 2345 1239 2410 Imma-

187 2449 310 2512 culatae
326 2449 550 2531 Conceptionis
572 2448 668 2512 titulo
691 2447 869 2529 gaudemus
884 2449 1072 2512 Hiberniam
1088 2451 1238 2513 nostram

185 2550 303 2614 habere
314 2553 495 2626 Patronem,
513 2549 594 2624 Tibi,
618 2549 812 2613 Beatissimo
832 2553 937 2628 Pater,
969 2553 1149 2634 specialiter
1179 2553 1238 2616 de-

186 2654 352 2728 vincimur,
380 2653 434 2736 qui
457 2653 669 2716 novissimum
696 2653 777 2716 illud
796 2654 913 2738 gloriae
936 2662 1057 2718 sertum
1077 2655 1237 2738 Deiparae

164 2757 331 2825 texuisti.

230 2858 365 2922 Decreta
379 2859 474 2922 istius
483 2866 609 2923 nostrae
619 2857 739 2942 Synodi
747 2860 842 2922 fidem
852 2861 1015 2935 tuendam,
1028 2859 1237 2943 disciplinam

189 2961 422 3037 stabiliendam,
439 2959 592 3044 pietatem
607 2984 642 3026 ac
658 2964 845 3025 charitatem
861 2962 1026 3026 fovendam
1044 2963 1233 3046 respiciunt,

186 3077 311 3128 necnon
341 3064 537 3129 Catholicam
562 3066 809 3129 Universitatem
838 3087 933 3149 quam
959 3066 1133 3137 Beatitudo
1165 3065 1236 3130 Tua

186 3168 315 3231 iteratis
330 3167 451 3231 vicibus
466 3167 559 3230 nobis
575 3175 737 3250 tantopere
753 3168 998 3241 commendavit.

230 3271 412 3352 Antequam
435 3271 512 3332 haec
532 3271 655 3333 decreta
674 3271 708 3333 in
729 3270 834 3333 lucem
849 3268 978 3333 veniant
998 3277 1030 3333 et
1052 3271 1117 3333 vim
1140 3292 1235 3334 suam

189 3380 399 3456 assequantur
419 3394 499 3455 opus
515 3379 563 3435 est
580 3380 616 3435 ut
633 3371 792 3437 Sanctitas
809 3375 878 3436 Tua
891 3394 928 3435 ea
943 3374 1092 3456 dignetur
1113 3375 1164 3437 vel
1179 3396 1233 3458 ap·

186 3475 329 3559 probare,
344 3474 398 3538 vel
413 3479 441 3536 si
456 3495 536 3556 opus
551 3474 657 3550 fuerit,
673 3481 796 3538 mutare
812 3482 845 3539 et
862 3477 1043 3539 reformare.
1069 3477 1235 3560 Quaprop-

186 3586 235 3663 ter
250 3584 320 3640 acta
335 3577 470 3640 Concilii
498 3578 592 3641 istius
615 3579 717 3640 nostri
742 3579 877 3660 plenarii
892 3579 932 3641 ad
949 3579 1098 3642 Sanctam
1117 3577 1234 3644 Sedem

187 3678 404 3763 Apostolicam
418 3700 491 3741 cum
504 3679 595 3742 filiali
609 3678 788 3743 obedientia
802 3683 1062 3756 transmittimus,
1080 3682 1233 3765 supplici·
1259 3733 1260 3736 η

187 3792 235 3846 ter
249 3782 450 3865 postulantes
465 3788 502 3844 ut
524 3803 561 3845 ea
582 3783 633 3846 vel
656 3784 840 3847 confirmata
862 3785 910 3847 vel
933 3785 1100 3848 emendata
1115 3785 1156 3849 ad
1171 3806 1233 3849 nos

189 3885 340 3966 dignetur
354 3881 525 3949 remittere.
