2572 4410
385 645 429 690 DE
453 644 576 691 8011οΜ
597 647 742 692 Nonarum
764 648 954 694 cssnomcs.

184 761 255 824 sla.
276 761 462 826 Facultates
485 765 679 828 necessarias
695 772 728 829 et
744 773 938 850 opportunas
962 768 1077 833 damus
1098 771 1194 853 Epis-

150 865 223 946 copis
245 887 264 928 a
285 867 380 930 nobis
402 867 517 931 adhoc
540 867 706 952 delegatis,
723 877 771 946 ut,
789 872 920 934 nomine
942 871 1041 954 hujus
1062 870 1192 952 Synodi,

150 961 276 1049 Regulus
291 969 461 1032 conficiant
476 974 507 1032 et
523 969 584 1032 alia
600 971 708 1033 omnia
722 972 841 1035 faciant
853 993 934 1056 quae
949 972 1129 1035 necessaria
1144 972 1194 1035 vel

151 1069 228 1132 utilia
238 1071 453 1154 judicaverint
467 1072 508 1135 ad
521 1074 643 1137 bonum
658 1075 802 1157 regimen
818 1081 850 1138 et
865 1076 1043 1158 profectum
1060 1074 1194 1138 Scholae

152 1165 297 1236 Nomalis
314 1172 498 1236 Catholicae
525 1174 558 1237 S.
576 1174 703 1239 Patritii
728 1184 871 1239 recenter
886 1198 905 1239 a
919 1176 1013 1239 nobis
1028 1175 1191 1239 fundatae.

185 1274 253 1339 813.
272 1275 455 1338 statuimus
466 1276 545 1339 alias
560 1297 617 1359 pro
629 1281 704 1339 nata
719 1278 893 1354 occasione,
907 1283 939 1341 et
955 1279 1038 1341 sicut
1052 1298 1104 1340 res
1118 1298 1192 1360 pos-

154 1371 236 1440 tulare
255 1376 460 1454 videbuntur,
480 1377 661 1442 fundandae
692 1399 763 1443 esse
788 1379 913 1442 scholas
937 1400 994 1462 pro
1019 1379 1191 1462 ludimagi-

156 1476 211 1540 stris
225 1479 449 1542 instituendis.

184 1582 248 1645 314.
274 1583 448 1665 Magistrae
481 1589 590 1646 autem
620 1584 654 1645 in
686 1583 805 1649 scholis
831 1584 1023 1648 Monialium
1048 1586 1083 1647 in
1122 1590 1191 1649 arta

154 1674 268 1746 docendi
284 1691 362 1747 sunt
376 1684 601 1747 instituendae.

182 1787 253 1851 315.
276 1786 298 1849 J
300 1795 411 1851 ustum
427 1793 459 1851 et
469 1808 606 1870 aequum
618 1793 703 1851 esset
718 1787 803 1871 quod
818 1789 960 1872 supremi
975 1788 1190 1855 moderatores

151 1879 272 1953 debitam
297 1889 482 1952 reddituum
511 1889 712 1972 publicorum
746 1891 982 1973 proportionem
1013 1891 1189 1958 Catholicis

150 1981 245 2054 duent
261 1992 302 2055 ad
314 1991 495 2055 subsidium
512 1991 693 2056 scholarum
709 1993 947 2056 catholicarum
973 1995 1187 2075 normalium;

148 2093 171 2150 a
179 2094 251 2176 jura
266 2101 378 2157 nostra
393 2095 427 2157 in
443 2095 505 2156 ista
520 2116 554 2156 re
570 2103 649 2159 sunt
664 2095 860 2159 vindicanda.

179 2195 253 2258 316.
272 2195 452 2258 Gensemus
467 2199 577 2257 texam
587 2196 759 2278 quamdam
768 2195 964 2258 moderatam
975 2195 1146 2278 Episcopis
1156 2177 1190 2260 et

143 2285 334 2379 Presbyteris
371 2297 629 2360 constituendam
666 2319 736 2362 esse
773 2318 830 2380 pro
861 2298 1070 2361 sustentanda
1106 2320 1188 2363 nova

137 2405 243 2463 nostra
258 2400 367 2463 schola
381 2400 537 2477 Narmali,
555 2401 736 2484 usquedum
758 2400 849 2464 aliter
865 2422 922 2485 pro
938 2401 1041 2484 ipsius
1059 2407 1186 2465 susten·

131 2489 253 2563 tatione
268 2501 432 2583 provisum
447 2501 554 2563 fuerit.

597 2700 715 2713 —

186 3034 228 3079 DE
252 3035 423 3081 conusens
445 3037 488 3080 ΕΤ
512 3035 644 3080 scfloms
667 3036 878 3080 LITTERARUM
901 3036 1130 3081 HUMANIORUM.

175 3155 250 3221 317.
273 3155 367 3218 Licet
389 3155 528 3237 plurima
542 3175 598 3237 per
613 3154 805 3217 Hiberniam
820 3155 959 3217 existant
974 3155 1076 3218 bonae
1092 3162 1187 3216 notae

111 3257 264 3342 (collegia
279 3267 312 3323 et
332 3259 469 3334 scholae,
485 3261 519 3321 in
536 3259 652 3341 quibus
662 3260 815 3342 juventus
832 3259 997 3322 catholica
1019 3260 1053 3321 in
1068 3259 1186 3321 litteris

114 3345 374 3427 humanioribus
397 3370 429 3426 et
451 3364 485 3426 in
509 3365 715 3426 scientiarum
737 3364 901 3445 principiis
922 3363 1075 3437 eruditur,
1092 3382 1185 3443 expe-

130 3461 178 3526 dit
206 3471 317 3529 tamen
346 3472 383 3528 01
412 3465 527 3528 talium
551 3464 796 3530 Academiarum
826 3485 981 3528 numerus
1019 3470 1184 3548 augeatur.

133 3562 308 3632 Hortamur
323 3569 423 3652 igitur
438 3568 617 3651 Episcopos
633 3575 669 3631 01
683 3570 719 3631 10
734 3570 860 3652 oppidis
875 3568 1061 3651 majoribus,
1079 3575 1135 3632 aut
1150 3571 1185 3632 in

134 3670 202 3735 01110
213 3673 293 3736 locis
305 3674 506 3755 opportunis,
521 3672 646 3735 scholas
655 3674 824 3735 instituere
837 3678 993 3753 satagant,
1006 3672 1062 3735 ubi
1073 3672 1185 3753 lingua

133 3770 247 3837 Latina
263 3780 296 3838 et
312 3776 518 3839 scientiarum
529 3774 828 3838 mathematicorum
839 3773 994 3857 principia
1003 3775 1182 3837 tradantur.

173 3880 248 3944 318.
272 3879 324 3942 Ad
350 3878 476 3943 scholas
501 3878 685 3942 istiusmodi
708 3877 858 3942 fovendas
881 3877 1043 3961 expediret
1073 3899 1184 3961 quam-
