2572 4410
671 299 714 366 96

171 484 266 548 robur
279 483 441 548 Ecclesiae
456 490 516 562 est,
532 483 677 561 violetur,
694 490 728 548 et
742 504 782 547 ne
798 485 877 548 rixis
899 491 932 549 et
954 484 1220 550 contentionibus

171 608 245 651 cum
269 588 341 651 aliis
365 587 577 670 implicentur.
621 588 832 670 Quaecunque
854 587 995 671 'denique
1009 608 1092 664 vera,
1118 609 1219 668 quae·

170 710 296 772 cunque
310 689 433 773 pudica,
450 709 654 774 quaecunque
674 694 783 752 sancta
797 710 833 752 ac
847 689 1006 772 religiosa,
1018 701 1060 753 'es
1073 690 1221 774 cogitent

171 813 269 878 eaque
284 803 387 876 agant
1246 795 1249 800 '

215 897 288 960 129.
311 897 358 959 Et
372 917 412 959 ne
427 894 659 959 tentationibus
674 900 708 958 et
717 895 865 978 periculis
877 916 958 978 quae
972 895 1114 979 undique
1129 915 1222 978 gras-

170 1003 283 1061 santur
308 996 523 1074 snceumbant,
540 1003 577 1061 ut
602 997 726 1060 labores
745 1003 777 1061 et
791 1018 886 1060 onera
912 998 1042 1061 Ordinis
1062 997 1222 1060 clericalis

170 1109 298 1166 strenue
313 1103 481 1186 perierant,
494 1107 532 1165 ut
546 1122 586 1165 ex
600 1102 740 1165 oratione
753 1101 904 1165 hauriant
914 1101 998 1184 quod
1012 1103 1046 1164 in
1061 1103 1221 1185 populum

168 1204 420 1267 refundant-ut
441 1205 560 1286 gratias
588 1202 700 1266 uberes
727 1203 762 1266 in
791 1224 866 1266 oves
891 1203 953 1267 sibi
982 1205 1172 1268 commissas
1202 1226 1222 1268 a

169 1308 263 1371 Patre
282 1308 443 1372 luminum
466 1308 656 1372 descendere
679 1308 974 1372 faciant—orationi
997 1308 1222 1372 indesinenter

168 1410 330 1485 insistant,
346 1415 379 1473 et
393 1411 576 1486 mentalem,
594 1411 664 1473 sine
678 1430 741 1492 qua
756 1410 872 1474 Pastor·
882 1412 1062 1474 animarum
1078 1410 1220 1474 salutem

168 1512 220 1575 vix
256 1513 408 1594 consequi
443 1517 559 1594 potest,
596 1512 738 1595 quotidie
774 1533 917 1577 exercere
953 1534 1018 1576 non
1051 1513 1218 1576 omittant.

168 1613 324 1676 Volumus
345 1614 445 1697 igitur
467 1619 505 1676 nt
526 1634 620 1677 mana
648 1613 689 1676 ad
711 1615 903 1678 semihoram
932 1617 967 1678 in
998 1615 1052 1698 pia
1073 1615 1220 1681 oratione

168 1737 239 1780 sese
254 1737 378 1800 semper
393 1724 567 1780 exerceant.

213 1823 288 1884 130.
310 1822 357 1884 Et
371 1823 522 1905 quoniam
534 1822 621 1897 ordo,
628 1822 722 1904 juxta
737 1821 768 1884 S.
784 1821 1014 1904 Augustinum,
1031 1822 1096 1885 dux
1112 1828 1163 1886 est
1179 1823 1220 1886 ad

169 1923 285 2000 Deum,
301 1924 372 1987 ideo
387 1943 483 2007 quam
505 1924 642 1986 maxime
665 1922 897 1986 consulendum
911 1923 1047 1999 videtur,
1063 1930 1101 1986 ut
1116 1923 1220 1987 officia

168 2028 310 2112 quotidie
338 2028 518 2111 peragenda
546 2033 632 2091 certo
660 2028 765 2110 aliquo
795 2027 915 2103 ordine,
954 2033 1110 2110 quantum
1146 2029 1219 2090 fieri

167 2136 284 2213 potest,
309 2131 457 2214 disponat
486 2131 720 2194 sacerdos-ita
749 2136 786 2193 ut
811 2130 874 2212 ipsi
902 2135 1030 2212 tempus
1056 2135 1219 2212 'suppetat

169 2233 299 2295 vacandi
322 2234 457 2297 orationi
482 2253 604 2296 necnon
632 2233 739 2296 studio
768 2237 800 2294 et
829 2231 1029 2295 meditationi
1056 2252 1218 2295 sacrarum

168 2335 359 2412 litterarum,
375 2337 542 2419 praecipue
564 2337 598 2398 S.
623 2337 802 2418 Scripturas
817 2342 850 2399 et
866 2336 1055 2418 Theologiae
1072 2336 1216 2403 Moralis.

169 2440 353 2521 Optandum
375 2461 471 2523 quem
497 2441 636 2503 maxime
663 2447 723 2516 est,
749 2447 786 2503 ut
800 2439 912 2504 boram
927 2441 1066 2523 aliquam
1086 2436 1217 2523 parochi

169 2547 323 2620 statuant,
347 2564 409 2625 qua
430 2544 465 2605 in
490 2544 556 2606 suis
579 2542 727 2607 domibus
750 2544 886 2626 singulis
909 2544 1022 2607 diebus
1036 2544 1217 2626 vespertino

168 2650 309 2729 tempore
318 2648 412 2710 tertia
422 2668 497 2730 pars
509 2647 644 2724 Rosarii,
657 2649 827 2712 assistente
837 2655 906 2712 tota
915 2649 1045 2724 faniilia,
1056 2650 1216 2724 recitetur,

168 2754 200 2813 et
212 2750 291 2815 aliae
305 2772 412 2835 preces
426 2751 624 2834 vespertinae
638 2759 840 2835 peragantur.

165 2850 167 2856 ’
212 2856 286 2920 131.
311 2855 521 2940 Frequentem
532 2856 758 2920 Sanctissimae
767 2856 989 2921 Eucharistiae
999 2858 1218 2921 visitationem

167 2957 315 3022 omnibus
337 2957 552 3021 sacerdotibus
566 2959 659 3021 enixe
673 2958 943 3034 commendamus,
960 2979 1082 3022 necnon
1106 2960 1218 3041 singu-

168 3063 267 3125 larem
277 3062 399 3126 cultum
412 3083 485 3145 erga
496 3062 623 3126 SS.Gor
633 3063 655 3126 J
656 3083 724 3138 esu,
733 3064 784 3126 cui
795 3068 862 3126 tota
873 3062 1039 3138 Hibernia,
1047 3063 1220 3126 Dominica

168 3165 340 3242 Passionis,
359 3167 453 3242 1373,
467 3167 651 3230 solemniter
659 3167 802 3230 dedicata
811 3172 870 3241 est,
884 3167 1042 3248 simulque
1055 3167 1219 3248 singulare

166 3266 353 3350 obsequium
365 3288 439 3350 erga
449 3267 511 3331 Dei
522 3268 659 3331 Matrem
671 3268 924 3343 Immaculatam‚
938 3269 1219 3350 castissimumque
1258 3321 1259 3324 ,

165 3373 235 3454 ejus
253 3371 412 3454 Sponsum
425 3371 458 3434 S.
472 3371 649 3454 Josephum
665 3372 721 3454 qui
735 3371 892 3434 Patronus
903 3371 1068 3435 Ecclesiae
1080 3371 1217 3435 Univer-

166 3473 243 3535 salis
258 3494 277 3536 a
293 3473 425 3537 Summo
440 3473 594 3536 Pontifice
608 3494 709 3555 nuper
724 3472 900 3552 declaratus
916 3479 975 3536 est.

210 3575 283 3638 132.
307 3575 352 3638 Et
363 3576 513 3658 quoniam
523 3575 696 3638 cavendum
709 3580 758 3637 est
769 3574 835 3637 illis
847 3575 902 3657 qui
912 3575 998 3637 inter
1008 3579 1057 3637 tot
1067 3574 1216 3657 inquina-

165 3686 273 3743 menta
282 3681 430 3743 vitiorum
443 3685 474 3743 et
486 3701 591 3743 rerum
603 3678 837 3743 mundanarum
847 3679 1018 3754 tumultus,
1026 3679 1217 3743 ministeriis

165 3782 375 3846 exterioribus
384 3785 573 3847 necessitate
585 3783 679 3846 officii
692 3787 768 3845 sunt
780 3781 907 3858 addicti,
919 3803 959 3844 ne
970 3787 1112 3864 tepescat
1122 3783 1216 3847 ardor

165 3883 308 3967 spiritus,
339 3891 395 3949 cut
424 3885 583 3950 sordescat
612 3885 696 3948 nitor
726 3884 860 3961 animae,
886 3884 968 3962 ideo,
996 3884 1036 3947 ad
1062 3885 1217 3966 pietatem
