2572 4410
606 323 671 390 148

157 501 233 567 365.
255 499 398 564 Laudari
417 498 544 584 publice
577 498 717 584 aliquem
746 518 765 563 a
803 497 885 564 laico
913 499 949 563 in
977 500 1171 568 coemeterio

112 602 278 668 benedicto
293 603 542 667 uenerationem
556 602 591 666 in
606 603 718 666 funere
732 601 774 666 od
788 600 945 685 populum
970 600 1081 669 heberi
1096 603 1172 669 sine

113 704 243 770 licentis
278 704 433 789 Episcopi
468 711 639 770 vetemusr
671 725 730 770 nec
758 703 917 789 parochus
946 711 1004 769 eut
1032 705 1173 789 quilibet

114 807 279 872 Ecclesiae
291 811 394 871 rector
408 806 501 871 aliter
514 808 585 871 fieri
598 806 748 890 patietur.
793 806 828 870 Si
838 827 912 871 vero
927 807 1027 871 oratio
1037 807 1173 873 funereo

113 928 171 992 pro
196 907 303 992 aliquo
324 907 474 973 defuncto
499 929 574 972 cum
596 906 703 972 debite
726 908 855 973 licentia
880 906 1025 972 habenda
1048 913 1110 987 est,
1131 911 1171 975 in

113 1011 246 1076 ecclesis
260 1032 279 1075 s.
293 1011 455 1077 sacerdote
463 1011 626 1076 recitanda
643 1017 693 1076 est
705 1017 779 1096 post
788 1011 941 1076 ultimum
952 1013 1170 1096 evangelium,

114 1119 148 1180 ct
176 1120 281 1180 orator
312 1135 372 1181 nec
401 1115 517 1180 stolum
553 1136 612 1181 nec
642 1115 910 1200 superpelliceum
944 1114 1077 1194 deferet,
1109 1115 1171 1182 sed

115 1224 244 1284 tuntum
257 1224 380 1284 vestem
394 1219 548 1287 talarem:
574 1225 701 1304 percote
717 1239 863 1283 sermone
877 1219 916 1283 fit
930 1218 1100 1284 absolutio.

159 1321 233 1386 366.
255 1320 445 1387 Liberorum
466 1327 665 1387 muratorum
694 1327 728 1386 et
753 1322 973 1405 cujuscunque
1004 1323 1172 1387 societatis

114 1425 283 1489 damnatae
312 1425 505 1490 asseclarum
535 1425 711 1503 funeribus,
753 1425 861 1489 clerici
905 1446 970 1489 non
1000 1427 1171 1504 assistunt,

114 1549 218 1612 neque
245 1549 304 1612 pro
333 1530 381 1592 eis
403 1530 553 1613 exequiae
576 1530 646 1592 lieri
666 1533 814 1612 possunt,
838 1527 903 1593 nisi
933 1534 1008 1593 unte
1029 1535 1171 1593 mortem

115 1630 211 1694 sectis
233 1631 307 1694 istis
331 1632 584 1694 renuntiaverint
597 1636 630 1695 et
656 1632 748 1714 signa
770 1630 986 1715 poenitentiae
1010 1630 1169 1696 dederint.

158 1737 231 1806 367.
255 1737 394 1821 Corpore
415 1737 615 1802 secerdotum
638 1743 694 1802 sut
716 1738 851 1801 eliorum
881 1758 945 1801 non
970 1743 1048 1801 sunt
1084 1737 1172 1801 intra
1228 1788 1237 1803 .

115 1842 294 1908 Ecclesium
308 1843 491 1927 sepeliendo.
505 1842 624 1927 absque
638 1861 786 1926 expressa
800 1840 930 1905 licentis
944 1842 1106 1925 Episcopi.

501 2204 784 2283 ELENOHUS

173 2357 304 2407 SYNODI
320 2358 566 2408 DECRETORUM
583 2358 659 2408 CUM
677 2356 829 2407 NUMERO
846 2355 1113 2405 ARTIGULORUM.

275 2461 304 2523 Ι.
327 2458 564 2541 Deopecicodo
585 2457 724 2540 synodo.
768 2456 938 2527 Articulus
952 2457 1081 2523 unicus.

257 2562 304 2624 H.
327 2562 379 2625 Dc
393 2563 484 2626 modo
498 2561 634 2625 uiuendi.
679 2560 750 2625 Art.
766 2557 893 2626 unicus.

241 2664 308 2738 III.
331 2664 383 2727 Dc
400 2664 598 2746 praejudicio
613 2684 677 2727 606
692 2662 860 2746 offerendo.
905 2661 976 2726 Art.
989 2659 1117 2726 unicus.

248 2765 306 2831 IV.
330 2767 381 2830 Dc
396 2767 590 2849 officialibus.
634 2766 706 2830 Art.
722 2767 851 2831 unicus.

264 2867 305 2935 V.
327 2869 379 2933 Dc
394 2869 558 2950 judicibus
573 2890 742 2933 cccccccccc
758 2867 1025 2950 persecutionum
1041 2866 1174 2948 Spoodo

377 2973 619 3037 occurrentium.
666 2972 879 3036 Artemone.

244 3072 302 3141 VI.
325 3076 376 3139 De
387 3097 453 3140 606
468 3075 656 3144 discedendo
672 3076 755 3141 etde
771 3082 887 3139 secreto
899 3072 1065 3138 servando.
1099 3071 1174 3135 Art.

379 3199 507 3245 umcus.

227 3279 305 3347 VH.
328 3283 380 3346 Dc
395 3283 478 3346 Fide
498 3283 673 3348 Catholico.
718 3280 859 3346 Articuli
878 3276 1074 3364 quindecim.

205 3382 302 3450 VHI.
325 3386 377 3449 Dc
392 3387 489 3450 Fidei
510 3385 710 3468 Profcosc'ooe
726 3382 907 3449 emittendo.
952 3381 1023 3445 Art.
1039 3375 1169 3445 unicus.

240 3486 302 3551 IX.
325 3489 376 3551 De
392 3488 489 3552 Fidei
502 3489 659 3552 Pericoiis
671 3486 838 3552 evitandis.
883 3485 954 3550 Art.
973 3502 1100 3548 novem.

263 3588 305 3655 X.
328 3592 380 3655 Dc
396 3591 622 3655 Socromeotis.
668 3590 740 3655 Art.
753 3590 908 3674 qumque.

242 3690 302 3758 XI.
325 3695 377 3758 Dc
393 3695 572 3776 Baptismo.
616 3693 688 3758 Art.
701 3690 884 3758 duodecim.

223 3793 301 3860 XII.
325 3798 377 3862 De
394 3796 651 3881 Ooofircnotiooc.
696 3794 767 3859 Art.
780 3801 858 3859 tres.
910 3824 912 3830 ·

206 3895 303 3965 XIII.
325 3901 377 3965 De
392 3899 610 3966 Eocbomstio.
655 3898 727 3963 Art.
750 3897 1008 3981 viginti-novem.
