2572 4410
640 341 662 409 7

157 511 367 578 Venerabilinm
388 511 540 577 Fratrum
560 510 752 580 Nostrorum
774 512 918 596 oonsilio,
940 515 1030 583 hisce
1051 516 1183 598 Iriteris,

154 611 322 700 Delegatum
336 616 559 700 Apostolicum
575 616 694 700 Synodi
708 619 923 684 convocationi
934 640 971 684 ao
981 619 1184 688 celebrationi

151 719 346 797 afficiendae,
353 717 538 804 Apostolica
545 718 664 784 Nostra
674 718 872 786 Auctoritate
884 719 930 787 Te
939 721 1101 807 eligimus,
1111 744 1185 790 con·

76 830 78 841 '
151 820 298 887 utituimus
321 842 357 886 ac
379 821 626 901 renunciamus3
657 820 792 909 Tibique
806 824 923 889 idcirco
945 825 1089 908 singulas
1113 828 1185 890 uni-

146 937 297 1009 comasque
308 923 476 989 facultates
486 924 681 990 necessarias
691 932 786 1010 atque
797 933 990 1011 opportunas
1001 927 1185 1006 deferimus,

143 1025 314 1105 tribuimus,
333 1034 428 1112 atque
447 1027 663 1110 impertimus.
709 1028 796 1105 Quae
819 1050 894 1094 cum
918 1029 965 1093 ita
990 1030 1066 1107 sint,
1091 1035 1186 1094 tunm

133 1131 189 1193 crit
202 1130 424 1215 potissimum,
439 1135 512 1192 tum
534 1129 761 1203 instructiones
783 1151 802 1195 a
822 1132 1035 1216 praefatorum
1049 1131 1186 1197 Venera-

130 1220 244 1296 bilium
260 1232 410 1296 Fratrum
425 1231 617 1296 Nostrorum
630 1233 881 1319 congregatione
895 1255 952 1319 pro
969 1233 1088 1317 Synodi
1103 1235 1183 1300 cele·

119 1322 274 1399 bratione
290 1335 435 1412 traditas,
449 1355 548 1420 aeque
558 1356 594 1399 ac
604 1335 729 1400 decreta
740 1343 772 1400 et
782 1337 935 1420 rescripta
945 1334 983 1400 ab
995 1336 1055 1400 hac
1068 1337 1187 1401 Sancta

119 1431 212 1502 Sede
227 1436 423 1520 Apostolioa,
439 1437 490 1502 vel
505 1438 619 1502 adiuta
632 1439 883 1522 Congregatione
892 1439 972 1503 alias
983 1438 1079 1517 edita,
1094 1460 1185 1523 prae·

112 1542 240 1604 sertim
256 1561 314 1624 pro
336 1539 533 1624 gravioribus
554 1541 692 1625 negotiis
714 1543 811 1606 istius
832 1541 971 1625 regionis
992 1542 1185 1625 exequenda,

116 1659 257 1719 ‹curare3
295 1648 367 1706 tum
397 1642 536 1721 studere,
575 1650 613 1708 ut
642 1643 813 1728 disciplina
837 1642 996 1725 ejusmodi
1033 1643 1068 1706 in
1096 1645 1187 1728 praxi

122 1744 282 1811 servmda
296 1744 496 1823 admittatur,
514 1767 595 1830 quae
610 1747 654 1811 sit
668 1752 701 1810 et
717 1746 941 1829 suprascriptis
956 1745 1090 1810 decretis
1113 1767 1186 1810 con·

129 1854 279 1912 sentanea
293 1854 326 1911 et
337 1848 589 1912 uniformitatem
600 1870 657 1934 per
667 1870 778 1914 omnes
788 1849 967 1933 provincias
979 1869 1015 1912 ac
1026 1848 1187 1913 dioeceses

128 1950 269 2014 inducat.
329 1949 428 2014 Porro
453 1951 603 2016 volumus
632 1957 671 2015 nt
697 1946 818 2034 Synodi
844 1957 915 2015 acta
938 1955 973 2015 et
1002 1956 1124 2015 statuta
1147 1951 1187 2015 ad

132 2052 279 2116 Sanctam
293 2051 377 2116 hanc
394 2050 509 2119 Sedem
530 2052 748 2138 Apostolicam
769 2052 1015 2117 transmittenda
1037 2073 1128 2116 cures
1150 2058 1188 2117 ut

129 2157 268 2219 examini
284 2154 505 2238 subjiciantur,
519 2177 554 2220 ao
566 2157 595 2220 si
605 2157 711 2222 visum
723 2157 820 2220 fuerit
831 2161 1045 2239 opportunum
1057 2152 1175 2219 Nostra

129 2265 182 2323 aut
221 2259 450 2322 Successorum
487 2258 680 2324 Nostrorum
722 2259 910 2322 auctoritate
947 2257 1185 2320 confirmentur.
1263 2258 1266 2262 ’

128 2360 216 2425 Haeo
231 2360 393 2438 volumus,
416 2362 600 2439 statuimus,
623 2361 848 2446 praecipimus,
872 2359 1076 2425 decernentes
1096 2381 1185 2444 prae·

128 2470 234 2528 sentes
257 2463 393 2528 Nostrae
408 2464 535 2529 Literna
550 2466 670 2542 firmas,
687 2464 819 2541 validas,
843 2469 876 2527 et
897 2463 1038 2528 efficaces
1061 2475 1187 2548 semper

126 2567 273 2642 existere,
305 2571 338 2629 et
366 2567 443 2645 fore,
475 2588 614 2653 suosque
638 2567 798 2651 plenarios
821 2572 854 2630 et
883 2566 1025 2649 integros
1054 2566 1186 2630 effectus

126 2668 246 2746 sortiri,
270 2674 304 2731 et
315 2668 467 2747 obtinere,
490 2676 585 2754 atque
609 2670 702 2734 abiis
717 2669 759 2732 ad
774 2689 854 2753 quos
869 2673 1023 2752 spectant,
1051 2667 1183 2731 inviola-

124 2769 235 2835 biliter
258 2769 436 2850 observari;
485 2773 593 2856 sicque
618 2773 653 2835 in
678 2771 864 2855 praemissis
892 2792 949 2854 per
979 2790 1184 2854 quoscunque

121 2872 249 2956 jndices
279 2873 464 2952 ordinarios,
488 2881 521 2938 et
551 2874 722 2957 delegatos,
745 2875 843 2937 etiam
872 2893 1039 2937 causarum
1068 2872 1185 2935 Palatii

124 2975 305 3060 Apostolici
350 2975 533 3054 Auditores,
580 2975 673 3044 Sedis
709 2975 911 3060 Apostolicae
957 2975 1113 3052 Nunoios,
1149 2995 1185 3038 ac

126 3072 265 3142 Sanctae
293 3079 454 3143 Romanae
483 3079 647 3144 Ecclesiae
677 3077 861 3143 cardinales
891 3078 988 3141 etiam
1018 3077 1057 3141 de
1086 3077 1185 3156 latere

125 3181 278 3264 Legatos,
296 3180 422 3245 sublata
436 3182 494 3261 eis,
511 3187 544 3247 et
565 3203 675 3246 eoram
697 3180 838 3258 cuilibet,
856 3180 966 3264 quavis
989 3179 1080 3244 aliter
1098 3177 1185 3262 judi-

126 3282 220 3348 candi
239 3289 273 3347 et
294 3283 523 3368 interpretandi
544 3285 695 3349 facultate
718 3290 750 3348 et
772 3283 970 3363 auctoritate,
989 3281 1127 3365 judicari
1149 3304 1185 3346 ao

128 3384 255 3449 definiri
269 3385 393 3465 debere,
410 3408 445 3451 ac
467 3387 595 3450 irritum
616 3393 649 3451 et
670 3388 774 3465 inane,
801 3387 829 3450 si
854 3405 945 3450 secus
971 3405 1067 3467 super
1089 3384 1142 3450 his
1167 3406 1185 3448 a

127 3508 301 3572 quoquam,
325 3490 436 3573 quavis
457 3491 656 3568 auctoritate,
680 3491 816 3555 scienter
836 3489 887 3555 vel
909 3489 1090 3570 ignoranter
1112 3508 1184 3552 con·

125 3591 238 3674 tigerit
267 3594 428 3657 attentari.
488 3592 561 3658 Non
586 3593 798 3670 obstantibus,
830 3597 988 3676 quatenus
1018 3611 1099 3676 opus
1129 3591 1183 3666 sit,

125 3693 248 3758 Nostra
261 3700 295 3757 et
311 3693 523 3760 cancellariae
538 3695 740 3780 Apostolicae
754 3694 865 3779 regula
887 3694 926 3757 de
943 3691 1016 3776 jure
1038 3693 1184 3776 quaesito

124 3815 193 3858 non
213 3795 367 3874 tollendo,
398 3798 563 3862 Benedicti
584 3799 674 3863 XIV.
690 3796 945 3862 Praedecessoris
966 3794 1078 3859 Nostri
1098 3811 1183 3856 reco-

123 3897 240 3962 lendae
280 3901 451 3965 memoriae
490 3922 585 3986 super
625 3901 780 3967 divisione
813 3899 1019 3964 materiarum
1047 3894 1181 3979 aliisque
