2572 4410
615 339 676 403 181

162 513 239 578 285.
257 509 1055 597 Illudquoqueperutileforecensemusadmentam
1063 511 1174 574 Sacrae

121 613 397 699 Congregationis,
422 617 451 678 si
472 615 541 678 loca
562 615 633 697 ipsa
655 612 837 676 scholarum
862 633 918 694 per
943 619 1114 688 curatores,
1138 616 1175 674 ut

119 720 184 802 jam
207 719 362 795 diximus‚·
386 720 421 782 in
436 719 683 802 Episcoporum,
715 717 764 780 vol
785 716 994 800 parochorum
1017 722 1176 798 potestate

120 842 154 885 ac
182 823 311 906 proprio
336 823 410 904 juro
439 826 619 885 manerent.
678 819 835 883 Vetamus
866 820 965 903 igitur
999 839 1111 882 omnes
1142 824 1176 881 et

120 925 264 1008 singulos
288 927 478 1001 sacerdotes,
503 947 544 989 ne
570 925 643 1007 quis
670 945 779 987 eorum
799 924 955 986 auxilium
985 922 1025 985 ad
1050 922 1174 986 scholas

119 1028 285 1112 erigendas
307 1030 441 1112 accipiat
464 1029 524 1093 sub
558 1048 746 1112 quocunque
777 1025 994 1091 instrumento
1024 1048 1043 1089 a
1072 1026 1175 1090 Gaetu

118 1133 351 1217 Episcoporum
389 1153 454 1197 non
496 1132 678 1216 approbato,
717 1131 864 1215 quodque
902 1130 1100 1214 supradictae
1139 1130 1172 1194 S.

118 1237 383 1318 Congregationis
400 1236 606 1299 instructioni
622 1235 752 1298 omnino
768 1236 928 1298 conformo
950 1255 1015 1297 non
1032 1234 1085 1297 sit.

161 1341 237 1403 286.
261 1339 451 1404 Inhibemus
472 1339 646 1404 Catholicis
660 1359 758 1422 penes
780 1358 861 1421 quos
877 1344 955 1401 sunt
969 1337 1038 1401 loca
1052 1336 1173 1401 schola·

116 1464 201 1519 rum,
218 1464 260 1507 ne
276 1465 312 1506 ea
328 1444 368 1506 ad
383 1444 630 1507 commissarios
645 1444 851 1506 transferant.

159 1548 236 1614 287.
262 1548 400 1611 Statutis
423 1548 463 1611 ab
478 1547 734 1629 Archiepisoopis
757 1551 790 1608 et
811 1545 983 1629 Episcopis
997 1544 1173 1610 Hiberniae

116 1669 166 1711 an.
178 1649 263 1731 1862
276 1649 474 1724 insistentes,
484 1648 669 1712 Sacerdotes
681 1667 793 1711 omnes
806 1646 867 1709 sub
877 1667 979 1730 poena
991 1647 1172 1729 suspensio·

115 1751 168 1814 nis
199 1751 418 1834 prohibemus,
447 1771 488 1814 ne
510 1751 693 1833 quempiam
719 1750 784 1812 sivo
807 1749 911 1812 virum
938 1748 1004 1811 sivo
1020 1749 1173 1812 feminam

115 1854 251 1916 mittant
266 1853 307 1917 ad
321 1859 422 1917 artem
438 1853 683 1936 paedagogicam
699 1852 924 1915 addiscendam
939 1853 974 1914 in
997 1853 1037 1914 iis
1054 1852 1173 1916 scholis

115 1956 227 2019 mixtis
265 1976 345 2038 quae
377 1956 437 2019 sub
466 1957 622 2038 regimine
650 1955 837 2018 immediato
872 1954 1007 2018 Consilii
1032 1955 1173 2037 supremi

117 2055 259 2142 (Board)
300 2059 511 2122 Educationis
549 2059 730 2122 Nationalis
761 2059 895 2141 positae,
931 2057 972 2120 ad
1002 2059 1172 2141 magistros

114 2161 301 2223 formandos
322 2146 490 2225 institutae
506 2166 593 2226 sunt.

160 2265 236 2327 288.
251 2265 333 2328 Cum
343 2271 451 2327 autem
460 2266 495 2328 in
506 2265 678 2348 praedictis
688 2264 970 2346 scholis‚magistri
981 2269 1013 2326 et
1024 2263 1172 2346 discipuli
1188 2282 1191 2287 ⁴

114 2367 274 2430 variarum
290 2366 481 2449 religionum
504 2368 646 2430 immixti
668 2367 882 2441 inveniantur,
907 2372 939 2428 ot
961 2366 1051 2429 nulla
1073 2366 1171 2430 ineis

116 2467 277 2531 docendae
302 2469 483 2532 Catholicae
501 2469 665 2551 religionis
688 2468 842 2530 habeatur
861 2469 953 2542 ratio,
971 2468 1055 2530 unde
1077 2488 1171 2550 grave

114 2571 392 2652 intrinsecumque
415 2570 490 2632 fidei
511 2572 631 2633 oriatur
650 2570 836 2652 periculum,
861 2570 1004 2632 districte
1025 2570 1171 2653 prohibe·

116 2694 191 2737 mus
201 2695 241 2736 ne
251 2674 285 2734 in
292 2679 457 2756 posterum
469 2673 555 2736 ullus
567 2674 750 2737 Catholicus
762 2674 801 2735 ad
813 2680 912 2735 artem
927 2674 1172 2757 paedagogicam

117 2775 344 2845 addiscendam
356 2797 408 2839 eas
424 2776 527 2852 adeat,
543 2777 593 2839 vel
608 2776 737 2860 aliquod
755 2778 790 2838 in
805 2777 846 2838 iis
862 2776 999 2839 officium
1024 2799 1170 2841 exercen-

115 2878 191 2941 dum
202 2878 336 2961 posthac
346 2879 508 2960 suscipiat.
536 2879 713 2960 Invigilent
723 2877 877 2962 Episcopi
889 2885 925 2941 ut
936 2879 996 2941 hoc
1009 2878 1171 2942 decretum

114 2982 153 3044 ab
166 2981 316 3044 omnibus
329 2988 482 3059 servetur,
494 2988 527 3045 ot
538 2988 575 3044 ut
587 3003 698 3044 omnes
709 2982 913 3056 Confessam,
926 2983 993 3044 sive
1008 2984 1169 3064 regulares

115 3086 181 3149 sive
192 3086 508 3161 saeculares,ratione
519 3088 629 3151 habita
640 3086 739 3170 hujus
748 3087 1083 3171 decreti,poenitentes
1091 3110 1167 3152 suos

114 3187 235 3250 abillis
251 3189 492 3271 frequentandis
509 3190 699 3253 deterreant.
803 3222 804 3225 ¹

160 3291 234 3355 289.
259 3290 343 3353 (lum
364 3292 399 3353 in
421 3292 581 3374 plerisque
602 3292 719 3355 scholis
739 3312 825 3354 mere
845 3292 1041 3354 normalibus
1059 3291 1171 3374 (model

114 3391 247 3477 schools)
263 3392 350 3455 haud
365 3394 489 3456 minora
511 3394 651 3477 pericula
673 3394 887 3469 inveniantur,
904 3395 1053 3457 volumus
1073 3401 1110 3457 ut
1130 3395 1170 3458 ad

114 3515 321 3579 quascunque
336 3495 522 3578 hujusmodi
535 3496 659 3559 scholas
677 3517 792 3578 pueros
814 3496 974 3579 puellasve
990 3496 1170 3562 Catholioas

115 3619 180 3662 non
206 3600 338 3662 mittant
359 3605 508 3683 parentes
520 3600 569 3663 vel
585 3599 640 3662 alii
650 3584 766 3682 quibus
779 3599 982 3682 parvulorum
994 3621 1069 3663 aura
1084 3623 1168 3665 com-

116 3701 217 3763 missa
241 3707 302 3764 est.
349 3701 441 3777 Quod
466 3702 494 3765 si
516 3702 658 3778 fecerint,
684 3703 786 3764 sciant
806 3722 840 3763 se
865 3702 1100 3765 strictissimam
1120 3725 1168 3766 ra·

115 3802 239 3864 tionem
255 3821 325 3865 esse
336 3802 516 3866 reddituros
530 3802 664 3885 periculi
676 3803 727 3865 cui
739 3803 863 3865 animas
876 3803 1031 3887 sanguino
1047 3805 1169 3868 Christi

115 3906 298 3990 redemptas
313 3927 468 3989 exponere
484 3928 548 3970 non
565 3906 723 3971 dubitant.
