2572 4410
674 338 741 405 238

175 513 341 590 Formole,
358 511 494 578 essendo
509 508 698 590 facoltativo,
715 509 745 577 si
759 510 891 577 ostende
906 511 1008 578 anche
1023 513 1065 580 ad
1079 513 1155 580 altri
1169 513 1223 582 easi

175 615 210 683 di
221 614 385 682 necessita
399 637 464 682 non
480 612 689 699 contemplati
704 615 759 679 nel
773 613 885 680 diritto
894 635 1044 697 comune,
1056 616 1224 684 altrimenti

176 717 406 786 renderebbesi
427 716 555 798 inutile,
570 720 697 783 almeno
718 721 769 802 pe’
780 716 904 802 luoghi,
921 737 981 785 ova
1003 721 1035 786 le
1049 719 1227 805 parroechia

176 844 258 890 sono
288 821 550 889 canonicamente
578 819 727 899 istituite,
760 819 960 906 disponendo
988 844 1046 907 per
1066 831 1180 909 queste
1199 824 1230 890 lo

178 933 282 992 stesso
297 925 396 990 dritta
416 944 563 991 comune.
609 923 669 990 cic
684 925 702 988 d
717 924 881 989 conforme
903 947 922 988 a
943 932 1065 1010 quanto
1079 925 1106 991 il
1128 928 1231 993 lodato

177 1028 343 1095 Pontefice
365 1028 434 1094 dice
456 1030 531 1094 nell’
544 1051 638 1112 opera
659 1027 697 1091 de
719 1029 847 1093 Sacros.
892 1030 1017 1093 Missae
1032 1028 1228 1114 nS'ocrificio,l

179 1155 236 1199 ove
251 1134 335 1217 dopo
351 1153 426 1197 aver
440 1129 576 1197 asserito
600 1136 742 1196 “casum
765 1128 821 1215 qui
843 1150 952 1195 revera
972 1130 1146 1217 contingit,
1162 1154 1234 1198 eum

181 1238 204 1269 “
215 1255 287 1300 esse
298 1257 371 1299 cum
386 1236 545 1319 parochus
561 1235 641 1299 duas
654 1235 752 1298 habet
766 1230 936 1316 parochias
951 1234 1051 1311 eto.,”
1066 1233 1234 1320 prosiegue

181 1341 235 1403 nei
251 1340 401 1423 seguenti
420 1335 572 1402 termini:
598 1341 619 1371 “
629 1358 733 1421 naqne
756 1343 865 1400 tamen
882 1335 1058 1421 quidquam
1073 1336 1234 1422 praeJudi·

182 1443 326 1506 “catum
340 1441 490 1507 volumus
505 1441 545 1504 de
560 1437 632 1505 aliis
643 1438 779 1516 casibus,
790 1437 845 1524 qni
855 1438 1006 1504 accidunt
1019 1438 1055 1504 in
1069 1439 1234 1506 missioni·

183 1547 206 1578 “
215 1546 287 1622 bus,
301 1543 420 1628 quibus
435 1544 621 1609 consultum
631 1550 683 1608 est
694 1542 897 1608 coneedendo
906 1541 1235 1610 Missionaniisfacul·

184 1650 317 1711 “tatem
341 1648 449 1731 plures
470 1644 651 1711 celebrandi
672 1649 792 1711 missas
815 1646 927 1710 eodem
943 1644 1015 1727 die;
1039 1648 1183 1731 itemque
1197 1645 1235 1711 de

184 1748 287 1814 “aliis
302 1748 441 1826 casibus,
458 1750 492 1813 in
507 1748 625 1833 quibus
640 1749 690 1813 vel
704 1748 745 1813 ob
760 1749 903 1813 locorum
918 1745 1185 1826 distantiam,ch
1196 1748 1235 1814 ob

183 1855 410 1938 “paucitatem
427 1854 644 1930 Sacerdotum,
661 1859 718 1917 aut
732 1850 968 1916 haereticorum
984 1859 1041 1916 aut
1054 1850 1235 1917 infidelium

184 1961 207 1991 ‘⁴
219 1955 487 2042 persecutionem,
497 1978 537 2019 ne
552 1956 664 2020 fideles
677 1951 779 2019 missa
791 1961 929 2032 careant,
941 1974 1025 2038 opus
1035 1956 1087 2020 est
1100 1957 1236 2020 aSaaer·

184 2064 207 2140 ‘.‘
219 2061 348 2126 dotibus
362 2060 443 2124 duas
458 2057 574 2124 missas
588 2058 780 2123 celebrari.”
824 2058 856 2121 E
879 2055 913 2121 di
936 2064 1047 2142 queste
1063 2079 1160 2124 cause
1183 2079 1235 2142 ap

183 2171 288 2248 punto
305 2164 365 2227 che
379 2163 487 2227 hanno
501 2160 601 2247 'luogo
623 2162 709 2226 nelle
731 2158 884 2225 Missioni
899 2183 916 2224 e
932 2184 988 2245 per
1002 2161 1033 2224 le
1049 2159 1136 2244 quali
1154 2159 1183 2226 si
1198 2162 1237 2225 da

183 2266 214 2331 ai
230 2264 392 2350 Superiori
406 2266 488 2329 delle
503 2263 677 2329 medesime
693 2264 725 2329 la
739 2266 867 2343 facoltd,
885 2266 913 2328 si
928 2264 1056 2348 parlava
1072 2264 1127 2327 nel
1153 2266 1237 2330 1832

182 2371 270 2434 dalla
285 2368 491 2452 Propaganda
501 2370 588 2432 nelle
600 2370 733 2433 scrivere
745 2369 785 2431 ad
800 2390 845 2433 un
858 2365 1067 2432 Missionario
1084 2365 1117 2430 di
1133 2366 1237 2451 Filip-

181 2470 299 2556 popoli‚
310 2471 334 2535 il
349 2472 441 2556 quale
456 2493 520 2535 non
537 2471 699 2536 celebrava
713 2467 771 2555 piu
785 2491 890 2535 messe
893 2477 1125 2555 ‚quantunque
1140 2469 1238 2536 assis-

182 2582 268 2639 tesse
292 2571 349 2657 piu
371 2572 581 2657 popolazioni
627 2571 894 2657 Immstoglisi
866 2594 935 2638 onoc
951 2573 984 2636 di
998 2574 1110 2637 binare
1134 2575 1239 2638 anche

182 2699 240 2843 pag
253 2676 456 2841 ordinelilega
468 2675 724 2844 Conqreganiqne
734 2678 893 2843 qlenqralq,
898 2677 986 2842 glq
953 2678 1237 2843 ·si,⁸⁰ggiqunp{eva'

243 2799 359 2861 opole
386 2800 404 2841 a
442 2799 535 2843 oman
560 2802 665 2864 apere
691 2801 738 2844 ea
765 2803 783 2843 a
810 2801 866 2844 aco
880 2786 913 2843 ta
951 2801 962 2841 1
999 2801 1070 2842 nnar
1094 2801 1112 2841 a
1164 2800 1240 2844 essa

184 2886 207 2916 “
217 2882 300 2947 nella
314 2883 447 2946 formola
469 2881 542 2946 dell'
558 2873 684 2948 indulto
707 2881 797 2947 siano
820 2885 892 2947 unit
893 2905 910 2946 e
926 2882 1033 2965 quelle
1047 2882 1190 2946 clausola
1205 2884 1241 2948 di

185 2990 207 3020 “
219 2984 333 3069 rigore,
348 2985 438 3048 ellat
424 2991 548 3049 trovera
533 2986 791 3051 nellaformola
807 2992 911 3050 stesso
922 2987 954 3049 la
969 2983 1118 3069 risposta,
1130 3004 1240 3050 osser-

184 3092 206 3122 “
217 3087 331 3165 vando,
348 3089 406 3152 ohe
417 3089 568 3174 Al’indulto
584 3111 648 3153 non
659 3091 687 3152 si
702 3091 859 3171 restringe
874 3090 903 3151 ai
915 3089 1043 3170 bisogni
1054 3088 1106 3151 del
1117 3089 1240 3172 popolo

184 3194 271 3257 '‘ne’
282 3193 386 3276 giorni
405 3190 524 3270 festivi,
540 3212 595 3255 ma
617 3191 753 3256 essendo
778 3194 812 3256 ln
832 3189 966 3255 termini
988 3188 1131 3274 generali
1148 3213 1237 3256 com·

183 3298 205 3328 “
217 3295 336 3380 prende
352 3314 468 3359 ancora
483 3294 527 3377 gli
543 3295 615 3358 altri
636 3292 701 3358 casi
715 3296 749 3357 in
773 3296 949 3378 questione,
963 3314 1053 3357 come
1069 3293 1240 3359 sarebbeil

183 3401 204 3431 “
214 3401 348 3482 bisogno
358 3398 392 3462 di
405 3395 640 3461 amministrare
651 3398 799 3462 ilviatico
811 3397 875 3481 agli
887 3394 1017 3460 infermi
1032 3397 1066 3458 in
1077 3394 1245 3461 ambedue.

182 3503 204 3533 “
216 3501 246 3565 le
262 3501 453 3585 parroechie,
470 3497 559 3564 edin
575 3503 682 3585 questi
697 3502 771 3573 altri
786 3502 851 3565 casi
867 3502 884 3563 ὸ
900 3500 979 3564 dove
995 3499 1140 3564 debbono
1165 3520 1240 3566 aver

183 3604 313 3687 “luogo
327 3600 358 3667 le
370 3604 496 3668 cautela
510 3605 711 3687 prescritte.”

225 3708 278 3768 12.
302 3705 365 3771 Ora
387 3708 531 3789 appunto
557 3727 622 3794 per
636 3703 742 3790 questi
765 3703 831 3770 casi
856 3726 952 3769 meno
979 3703 1063 3770 osvii
1095 3705 1124 3768 si
1157 3724 1239 3770 sono

179 3809 300 3872 trovati
320 3830 386 3872 non
406 3809 439 3872 di
458 3807 535 3873 rado
555 3810 758 3873 imbarannati
773 3809 785 3872 i
799 3809 935 3874 Vescovi
950 3808 990 3873 ed
1007 3809 1020 3871 i
1035 3806 1239 3873 Missionarii

536 3933 544 3968 ¹
557 3933 613 3984 Lib.
624 3933 662 3984 111.
673 3949 728 3998 cap.
738 3950 761 3985 v.
776 3949 803 3986 n.
816 3934 841 3982 4.
