<?xml version="1.0" encoding="UTF-8"?>
<!DOCTYPE html PUBLIC "-//W3C//DTD XHTML 1.0 Transitional//EN"
    "http://www.w3.org/TR/xhtml1/DTD/xhtml1-transitional.dtd">
<html xmlns="http://www.w3.org/1999/xhtml" xml:lang="en" lang="en">
 <head>
  <title>
</title>
<meta http-equiv="Content-Type" content="text/html;charset=utf-8" />
  <meta name='ocr-system' content='tesseract 3.04.00' />
  <meta name='ocr-capabilities' content='ocr_page ocr_carea ocr_par ocr_line ocrx_word'/>
</head>
<body>
  <div class='ocr_page' id='page_1' title='image "actaetdecretasy00goog_0090.png"; bbox 0 0 2572 4410; ppageno 0'>
   <div class='ocr_carea' id='block_1_1' title="bbox 567 346 611 413">
    <p class='ocr_par' dir='ltr' id='par_1_1' title="bbox 567 346 611 413">
     <span class='ocr_line' id='line_1_1' title="bbox 567 346 611 413; baseline -0.068 0"><span class='ocrx_word' id='word_1_1' title='bbox 567 346 611 413; x_wconf 79' lang='lat'><strong>75</strong></span> 
     </span>
    </p>
   </div>
   <div class='ocr_carea' id='block_1_2' title="bbox 48 530 1110 4018">
    <p class='ocr_par' dir='ltr' id='par_1_2' title="bbox 48 530 1108 823">
     <span class='ocr_line' id='line_1_2' title="bbox 48 530 1107 617; baseline 0.002 -19"><span class='ocrx_word' id='word_1_2' title='bbox 48 531 254 610; x_wconf 87' lang='lat' dir='ltr'><strong>obstetrices,</strong></span> <span class='ocrx_word' id='word_1_3' title='bbox 284 531 427 616; x_wconf 84' lang='lat' dir='ltr'><strong>aliosque</strong></span> <span class='ocrx_word' id='word_1_4' title='bbox 455 551 590 616; x_wconf 88' lang='lat' dir='ltr'><strong>qnorum</strong></span> <span class='ocrx_word' id='word_1_5' title='bbox 619 530 757 609; x_wconf 88' lang='lat' dir='ltr'><strong>intersit,</strong></span> <span class='ocrx_word' id='word_1_6' title='bbox 788 532 909 596; x_wconf 86' lang='lat' dir='ltr'><strong>nullam</strong></span> <span class='ocrx_word' id='word_1_7' title='bbox 938 535 1107 617; x_wconf 88' lang='lat' dir='ltr'><strong>praeterire</strong></span> 
     </span>
     <span class='ocr_line' id='line_1_3' title="bbox 49 631 1108 721; baseline 0.003 -22"><span class='ocrx_word' id='word_1_8' title='bbox 49 634 255 699; x_wconf 73' lang='lat' dir='ltr'><strong>messionem</strong></span> <span class='ocrx_word' id='word_1_9' title='bbox 270 634 394 699; x_wconf 85' lang='lat' dir='ltr'><strong>animas</strong></span> <span class='ocrx_word' id='word_1_10' title='bbox 409 655 428 698; x_wconf 88' lang='lat' dir='ltr'><strong>a</strong></span> <span class='ocrx_word' id='word_1_11' title='bbox 442 633 571 698; x_wconf 81' lang='lat' dir='ltr'><strong>Christe</strong></span> <span class='ocrx_word' id='word_1_12' title='bbox 586 631 767 719; x_wconf 88' lang='lat' dir='ltr'><strong>redemptas</strong></span> <span class='ocrx_word' id='word_1_13' title='bbox 781 634 836 698; x_wconf 94' lang='lat' dir='ltr'><strong>Illi</strong></span> <span class='ocrx_word' id='word_1_14' title='bbox 850 634 1030 699; x_wconf 88' lang='lat' dir='ltr'><strong>vindicandi</strong></span> <span class='ocrx_word' id='word_1_15' title='bbox 1051 656 1108 721; x_wconf 87' lang='lat' dir='ltr'><strong>per</strong></span> 
     </span>
     <span class='ocr_line' id='line_1_4' title="bbox 51 739 268 823; baseline -0.014 -19"><span class='ocrx_word' id='word_1_16' title='bbox 51 739 268 823; x_wconf 88' lang='lat' dir='ltr'><strong>baptismum.</strong></span> 
     </span>
    </p>

    <p class='ocr_par' dir='ltr' id='par_1_3' title="bbox 54 841 1109 1422">
     <span class='ocr_line' id='line_1_5' title="bbox 98 841 1107 927; baseline 0.003 -19"><span class='ocrx_word' id='word_1_17' title='bbox 98 845 157 908; x_wconf 78' lang='lat'><strong>32.</strong></span> <span class='ocrx_word' id='word_1_18' title='bbox 180 841 221 905; x_wconf 92' lang='lat' dir='ltr'><strong>In</strong></span> <span class='ocrx_word' id='word_1_19' title='bbox 236 863 311 906; x_wconf 86' lang='lat' dir='ltr'><strong>casu</strong></span> <span class='ocrx_word' id='word_1_20' title='bbox 325 842 527 927; x_wconf 84' lang='lat' dir='ltr'><strong>parvulorum</strong></span> <span class='ocrx_word' id='word_1_21' title='bbox 538 842 756 925; x_wconf 85' lang='lat' dir='ltr'><strong>expositorum</strong></span> <span class='ocrx_word' id='word_1_22' title='bbox 767 842 900 906; x_wconf 89' lang='lat' dir='ltr'><strong>docendi</strong></span> <span class='ocrx_word' id='word_1_23' title='bbox 912 849 987 907; x_wconf 89' lang='lat' dir='ltr'><strong>sunt</strong></span> <span class='ocrx_word' id='word_1_24' title='bbox 996 845 1107 911; x_wconf 90' lang='lat' dir='ltr'><strong>fideles</strong></span> 
     </span>
     <span class='ocr_line' id='line_1_6' title="bbox 54 946 1109 1012; baseline -0.003 0"><span class='ocrx_word' id='word_1_25' title='bbox 54 946 282 1012; x_wconf 88' lang='lat' dir='ltr'><strong>necessitatem</strong></span> <span class='ocrx_word' id='word_1_26' title='bbox 296 946 449 1010; x_wconf 86' lang='lat' dir='ltr'><strong>afferendi</strong></span> <span class='ocrx_word' id='word_1_27' title='bbox 464 966 518 1010; x_wconf 90' lang='lat' dir='ltr'><strong>eos</strong></span> <span class='ocrx_word' id='word_1_28' title='bbox 534 946 644 1010; x_wconf 86' lang='lat' dir='ltr'><strong>statim</strong></span> <span class='ocrx_word' id='word_1_29' title='bbox 667 968 702 1009; x_wconf 91' lang='lat' dir='ltr'><strong>ac</strong></span> <span class='ocrx_word' id='word_1_30' title='bbox 724 947 931 1011; x_wconf 91' lang='lat' dir='ltr'><strong>inveniuntur</strong></span> <span class='ocrx_word' id='word_1_31' title='bbox 947 947 1109 1012; x_wconf 78' lang='lat' dir='ltr'><strong>Sacerdoti</strong></span> 
     </span>
     <span class='ocr_line' id='line_1_7' title="bbox 55 1047 1107 1132; baseline -0.002 -18"><span class='ocrx_word' id='word_1_32' title='bbox 55 1048 105 1114; x_wconf 87' lang='lat' dir='ltr'><strong>vel</strong></span> <span class='ocrx_word' id='word_1_33' title='bbox 114 1047 278 1112; x_wconf 78' lang='lat' dir='ltr'>Ecclesiae</span> <span class='ocrx_word' id='word_1_34' title='bbox 287 1049 480 1132; x_wconf 82' lang='lat' dir='ltr'><strong>proximiori,</strong></span> <span class='ocrx_word' id='word_1_35' title='bbox 492 1054 530 1111; x_wconf 87' lang='lat' dir='ltr'><strong>ut</strong></span> <span class='ocrx_word' id='word_1_36' title='bbox 541 1068 629 1113; x_wconf 83' lang='lat' dir='ltr'><strong>sacro</strong></span> <span class='ocrx_word' id='word_1_37' title='bbox 640 1049 728 1112; x_wconf 86' lang='lat' dir='ltr'><strong>fonte</strong></span> <span class='ocrx_word' id='word_1_38' title='bbox 741 1049 929 1126; x_wconf 81' lang='lat' dir='ltr'><strong>abluantur3</strong></span> <span class='ocrx_word' id='word_1_39' title='bbox 952 1070 1044 1132; x_wconf 88' lang='lat' dir='ltr'><strong>porro</strong></span> <span class='ocrx_word' id='word_1_40' title='bbox 1055 1048 1107 1112; x_wconf 89' lang='lat' dir='ltr'><strong>ad-</strong></span> 
     </span>
     <span class='ocr_line' id='line_1_8' title="bbox 57 1149 1109 1235; baseline 0.004 -20"><span class='ocrx_word' id='word_1_41' title='bbox 57 1149 212 1216; x_wconf 92' lang='lat' dir='ltr'><strong>monendi</strong></span> <span class='ocrx_word' id='word_1_42' title='bbox 227 1157 304 1215; x_wconf 89' lang='lat' dir='ltr'><strong>sunt</strong></span> <span class='ocrx_word' id='word_1_43' title='bbox 317 1151 525 1216; x_wconf 90' lang='lat' dir='ltr'><strong>omissionem</strong></span> <span class='ocrx_word' id='word_1_44' title='bbox 539 1149 673 1235; x_wconf 79' lang='lat' dir='ltr'><strong>hujusce</strong></span> <span class='ocrx_word' id='word_1_45' title='bbox 682 1151 776 1214; x_wconf 90' lang='lat' dir='ltr'><strong>officii</strong></span> <span class='ocrx_word' id='word_1_46' title='bbox 784 1157 932 1234; x_wconf 91' lang='lat' dir='ltr'><strong>paternae</strong></span> <span class='ocrx_word' id='word_1_47' title='bbox 944 1151 1109 1218; x_wconf 88' lang='lat' dir='ltr'><strong>charitatis</strong></span> 
     </span>
     <span class='ocr_line' id='line_1_9' title="bbox 57 1252 1108 1338; baseline -0.001 -21"><span class='ocrx_word' id='word_1_48' title='bbox 57 1274 186 1338; x_wconf 86' lang='lat' dir='ltr'><strong>gravem</strong></span> <span class='ocrx_word' id='word_1_49' title='bbox 216 1272 286 1317; x_wconf 91' lang='lat' dir='ltr'><strong>esse</strong></span> <span class='ocrx_word' id='word_1_50' title='bbox 315 1253 452 1336; x_wconf 87' lang='lat' dir='ltr'><strong>culpam,</strong></span> <span class='ocrx_word' id='word_1_51' title='bbox 476 1273 532 1335; x_wconf 91' lang='lat' dir='ltr'><strong>pro</strong></span> <span class='ocrx_word' id='word_1_52' title='bbox 565 1272 627 1336; x_wconf 91' lang='lat' dir='ltr'><strong>qua</strong></span> <span class='ocrx_word' id='word_1_53' title='bbox 655 1253 690 1315; x_wconf 90' lang='lat' dir='ltr'><strong>in</strong></span> <span class='ocrx_word' id='word_1_54' title='bbox 716 1252 767 1316; x_wconf 90' lang='lat' dir='ltr'><strong>dic</strong></span> <span class='ocrx_word' id='word_1_55' title='bbox 796 1253 929 1316; x_wconf 91' lang='lat' dir='ltr'><strong>Domini</strong></span> <span class='ocrx_word' id='word_1_56' title='bbox 965 1254 1108 1317; x_wconf 86' lang='lat' dir='ltr'><strong>strictam</strong></span> 
     </span>
     <span class='ocr_line' id='line_1_10' title="bbox 57 1359 490 1422; baseline -0.002 0"><span class='ocrx_word' id='word_1_57' title='bbox 57 1360 217 1422; x_wconf 88' lang='lat' dir='ltr'><strong>rationem</strong></span> <span class='ocrx_word' id='word_1_58' title='bbox 233 1364 310 1422; x_wconf 88' lang='lat' dir='ltr'><strong>sunt</strong></span> <span class='ocrx_word' id='word_1_59' title='bbox 323 1359 490 1422; x_wconf 88' lang='lat' dir='ltr'><strong>reddituri.</strong></span> 
     </span>
    </p>

    <p class='ocr_par' dir='ltr' id='par_1_4' title="bbox 56 1447 1110 3687">
     <span class='ocr_line' id='line_1_11' title="bbox 103 1447 1110 1545; baseline 0.005 -19"><span class='ocrx_word' id='word_1_60' title='bbox 103 1464 158 1526; x_wconf 83' lang='lat'><strong>33.</strong></span> <span class='ocrx_word' id='word_1_61' title='bbox 185 1462 234 1527; x_wconf 91' lang='lat' dir='ltr'><strong>Ob</strong></span> <span class='ocrx_word' id='word_1_62' title='bbox 248 1447 489 1545; x_wconf 83' lang='lat' dir='ltr'><strong>praeteritorum</strong></span> <span class='ocrx_word' id='word_1_63' title='bbox 498 1468 679 1545; x_wconf 90' lang='lat' dir='ltr'><strong>temporum</strong></span> <span class='ocrx_word' id='word_1_64' title='bbox 690 1463 884 1528; x_wconf 88' lang='lat' dir='ltr'><strong>calamitates</strong></span> <span class='ocrx_word' id='word_1_65' title='bbox 896 1485 975 1528; x_wconf 88' lang='lat' dir='ltr'><strong>usus</strong></span> <span class='ocrx_word' id='word_1_66' title='bbox 984 1464 1019 1527; x_wconf 94' lang='lat' dir='ltr'><strong>in</strong></span> <span class='ocrx_word' id='word_1_67' title='bbox 1028 1465 1110 1531; x_wconf 92' lang='lat' dir='ltr'><strong>hanc</strong></span> 
     </span>
     <span class='ocr_line' id='line_1_12' title="bbox 59 1567 1108 1651; baseline 0.007 -23"><span class='ocrx_word' id='word_1_68' title='bbox 59 1567 224 1649; x_wconf 81' lang='lat' dir='ltr'><strong>regionem</strong></span> <span class='ocrx_word' id='word_1_69' title='bbox 238 1567 388 1630; x_wconf 89' lang='lat' dir='ltr'><strong>inductus</strong></span> <span class='ocrx_word' id='word_1_70' title='bbox 403 1571 463 1643; x_wconf 91' lang='lat' dir='ltr'><strong>est,</strong></span> <span class='ocrx_word' id='word_1_71' title='bbox 479 1567 646 1649; x_wconf 88' lang='lat' dir='ltr'><strong>Baptisma</strong></span> <span class='ocrx_word' id='word_1_72' title='bbox 660 1567 695 1630; x_wconf 92' lang='lat' dir='ltr'><strong>in</strong></span> <span class='ocrx_word' id='word_1_73' title='bbox 709 1567 856 1632; x_wconf 84' lang='lat' dir='ltr'><strong>domibus</strong></span> <span class='ocrx_word' id='word_1_74' title='bbox 879 1569 1010 1651; x_wconf 87' lang='lat' dir='ltr'><strong>privatis</strong></span> <span class='ocrx_word' id='word_1_75' title='bbox 1036 1591 1108 1635; x_wconf 92' lang='lat' dir='ltr'><strong>con·</strong></span> 
     </span>
     <span class='ocr_line' id='line_1_13' title="bbox 58 1668 1110 1752; baseline 0.002 -20"><span class='ocrx_word' id='word_1_76' title='bbox 58 1669 193 1732; x_wconf 88' lang='lat' dir='ltr'><strong>ferendi.</strong></span> <span class='ocrx_word' id='word_1_77' title='bbox 248 1669 331 1732; x_wconf 80' lang='lat' dir='ltr'><strong>Sum</strong></span> <span class='ocrx_word' id='word_1_78' title='bbox 354 1669 424 1731; x_wconf 92' lang='lat' dir='ltr'><strong>sine</strong></span> <span class='ocrx_word' id='word_1_79' title='bbox 449 1689 565 1752; x_wconf 86' lang='lat' dir='ltr'><strong>magno</strong></span> <span class='ocrx_word' id='word_1_80' title='bbox 590 1669 790 1734; x_wconf 87' lang='lat' dir='ltr'><strong>incommodo</strong></span> <span class='ocrx_word' id='word_1_81' title='bbox 811 1668 889 1734; x_wconf 90' lang='lat' dir='ltr'><strong>haec</strong></span> <span class='ocrx_word' id='word_1_82' title='bbox 914 1672 1110 1735; x_wconf 76' lang='lat' dir='ltr'><strong>consuetudo</strong></span> 
     </span>
     <span class='ocr_line' id='line_1_14' title="bbox 58 1772 1110 1855; baseline 0.004 -21"><span class='ocrx_word' id='word_1_83' title='bbox 58 1772 179 1836; x_wconf 77' lang='lat' dir='ltr'><strong>aboleri</strong></span> <span class='ocrx_word' id='word_1_84' title='bbox 207 1792 293 1835; x_wconf 91' lang='lat' dir='ltr'><strong>nunc</strong></span> <span class='ocrx_word' id='word_1_85' title='bbox 321 1773 435 1855; x_wconf 89' lang='lat' dir='ltr'><strong>possit,</strong></span> <span class='ocrx_word' id='word_1_86' title='bbox 466 1772 677 1855; x_wconf 88' lang='lat' dir='ltr'><strong>praecipimus</strong></span> <span class='ocrx_word' id='word_1_87' title='bbox 707 1780 745 1837; x_wconf 90' lang='lat' dir='ltr'><strong>ut</strong></span> <span class='ocrx_word' id='word_1_88' title='bbox 775 1773 835 1838; x_wconf 90' lang='lat' dir='ltr'><strong>hoc</strong></span> <span class='ocrx_word' id='word_1_89' title='bbox 873 1775 1110 1839; x_wconf 70' lang='lat' dir='ltr'><strong>Sacramentum</strong></span> 
     </span>
     <span class='ocr_line' id='line_1_15' title="bbox 58 1876 1109 1961; baseline 0.002 -22"><span class='ocrx_word' id='word_1_90' title='bbox 58 1877 93 1939; x_wconf 90' lang='lat' dir='ltr'><strong>in</strong></span> <span class='ocrx_word' id='word_1_91' title='bbox 107 1876 266 1941; x_wconf 86' lang='lat' dir='ltr'><strong>Ecclesiis</strong></span> <span class='ocrx_word' id='word_1_92' title='bbox 281 1877 494 1960; x_wconf 88' lang='lat' dir='ltr'><strong>inposterum</strong></span> <span class='ocrx_word' id='word_1_93' title='bbox 516 1877 705 1952; x_wconf 85' lang='lat' dir='ltr'><strong>conferatur,</strong></span> <span class='ocrx_word' id='word_1_94' title='bbox 721 1877 785 1940; x_wconf 93' lang='lat' dir='ltr'><strong>nisi</strong></span> <span class='ocrx_word' id='word_1_95' title='bbox 800 1880 938 1941; x_wconf 85' lang='lat' dir='ltr'><strong>infantes</strong></span> <span class='ocrx_word' id='word_1_96' title='bbox 961 1878 1000 1941; x_wconf 92' lang='lat' dir='ltr'><strong>ob</strong></span> <span class='ocrx_word' id='word_1_97' title='bbox 1022 1899 1109 1961; x_wconf 85' lang='lat' dir='ltr'><strong>mag·</strong></span> 
     </span>
     <span class='ocr_line' id='line_1_16' title="bbox 58 1974 1110 2061; baseline 0.001 -20"><span class='ocrx_word' id='word_1_98' title='bbox 58 2000 134 2041; x_wconf 87' lang='lat' dir='ltr'><strong>nam</strong></span> <span class='ocrx_word' id='word_1_99' title='bbox 158 1978 348 2042; x_wconf 82' lang='lat' dir='ltr'><strong>distantiam</strong></span> <span class='ocrx_word' id='word_1_100' title='bbox 370 1979 412 2042; x_wconf 90' lang='lat' dir='ltr'><strong>ab</strong></span> <span class='ocrx_word' id='word_1_101' title='bbox 433 1974 589 2041; x_wconf 86' lang='lat' dir='ltr'><strong>Ecclesiis</strong></span> <span class='ocrx_word' id='word_1_102' title='bbox 612 1978 661 2042; x_wconf 82' lang='lat' dir='ltr'><strong>vel</strong></span> <span class='ocrx_word' id='word_1_103' title='bbox 683 1978 724 2042; x_wconf 92' lang='lat' dir='ltr'><strong>ob</strong></span> <span class='ocrx_word' id='word_1_104' title='bbox 746 1998 876 2061; x_wconf 84' lang='lat' dir='ltr'><strong>gravem</strong></span> <span class='ocrx_word' id='word_1_105' title='bbox 899 1980 979 2043; x_wconf 75' lang='lat' dir='ltr'><strong>airis</strong></span> <span class='ocrx_word' id='word_1_106' title='bbox 994 1976 1110 2042; x_wconf 89' lang='lat' dir='ltr'><strong>intem-</strong></span> 
     </span>
     <span class='ocr_line' id='line_1_17' title="bbox 57 2076 1110 2164; baseline -0.001 -20"><span class='ocrx_word' id='word_1_107' title='bbox 57 2077 182 2164; x_wconf 85' lang='lat' dir='ltr'><strong>periem</strong></span> <span class='ocrx_word' id='word_1_108' title='bbox 209 2080 252 2144; x_wconf 85' lang='lat' dir='ltr'><strong>ad</strong></span> <span class='ocrx_word' id='word_1_109' title='bbox 277 2099 331 2144; x_wconf 91' lang='lat' dir='ltr'><strong>eas</strong></span> <span class='ocrx_word' id='word_1_110' title='bbox 354 2080 426 2144; x_wconf 88' lang='lat' dir='ltr'><strong>tute</strong></span> <span class='ocrx_word' id='word_1_111' title='bbox 450 2076 526 2143; x_wconf 87' lang='lat' dir='ltr'><strong>ferri</strong></span> <span class='ocrx_word' id='word_1_112' title='bbox 551 2099 618 2143; x_wconf 88' lang='lat' dir='ltr'><strong>non</strong></span> <span class='ocrx_word' id='word_1_113' title='bbox 643 2081 781 2163; x_wconf 77' lang='lat' dir='ltr'><strong>possint.</strong></span> <span class='ocrx_word' id='word_1_114' title='bbox 827 2081 861 2142; x_wconf 93' lang='lat' dir='ltr'><strong>Si</strong></span> <span class='ocrx_word' id='word_1_115' title='bbox 886 2102 958 2144; x_wconf 89' lang='lat' dir='ltr'><strong>vero</strong></span> <span class='ocrx_word' id='word_1_116' title='bbox 977 2086 1110 2162; x_wconf 86' lang='lat' dir='ltr'><strong>urgente</strong></span> 
     </span>
     <span class='ocr_line' id='line_1_18' title="bbox 57 2182 1110 2266; baseline 0.001 -21"><span class='ocrx_word' id='word_1_117' title='bbox 57 2182 174 2246; x_wconf 92' lang='lat' dir='ltr'><strong>mortis</strong></span> <span class='ocrx_word' id='word_1_118' title='bbox 183 2182 334 2265; x_wconf 88' lang='lat' dir='ltr'><strong>periculo,</strong></span> <span class='ocrx_word' id='word_1_119' title='bbox 346 2183 411 2247; x_wconf 86' lang='lat' dir='ltr'><strong>sive</strong></span> <span class='ocrx_word' id='word_1_120' title='bbox 422 2183 572 2266; x_wconf 89' lang='lat' dir='ltr'><strong>parvulus</strong></span> <span class='ocrx_word' id='word_1_121' title='bbox 583 2183 648 2246; x_wconf 83' lang='lat' dir='ltr'><strong>sire</strong></span> <span class='ocrx_word' id='word_1_122' title='bbox 660 2182 799 2258; x_wconf 89' lang='lat' dir='ltr'><strong>adultus,</strong></span> <span class='ocrx_word' id='word_1_123' title='bbox 813 2184 909 2246; x_wconf 89' lang='lat' dir='ltr'><strong>sacris</strong></span> <span class='ocrx_word' id='word_1_124' title='bbox 920 2183 1062 2265; x_wconf 90' lang='lat' dir='ltr'><strong>precibus</strong></span> <span class='ocrx_word' id='word_1_125' title='bbox 1074 2204 1110 2246; x_wconf 92' lang='lat' dir='ltr'><strong>ac</strong></span> 
     </span>
     <span class='ocr_line' id='line_1_19' title="bbox 56 2283 1110 2368; baseline 0.002 -21"><span class='ocrx_word' id='word_1_126' title='bbox 56 2285 267 2348; x_wconf 89' lang='lat' dir='ltr'><strong>caeremoniis</strong></span> <span class='ocrx_word' id='word_1_127' title='bbox 282 2286 524 2368; x_wconf 85' lang='lat' dir='ltr'><strong>praetermissis,</strong></span> <span class='ocrx_word' id='word_1_128' title='bbox 541 2285 637 2348; x_wconf 86' lang='lat' dir='ltr'><strong>fuerit</strong></span> <span class='ocrx_word' id='word_1_129' title='bbox 648 2283 837 2368; x_wconf 83' lang='lat' dir='ltr'><strong>baptizatus,</strong></span> <span class='ocrx_word' id='word_1_130' title='bbox 850 2284 905 2347; x_wconf 93' lang='lat' dir='ltr'><strong>ubi</strong></span> <span class='ocrx_word' id='word_1_131' title='bbox 917 2285 1110 2349; x_wconf 87' lang='lat' dir='ltr'><strong>convaluerit</strong></span> 
     </span>
     <span class='ocr_line' id='line_1_20' title="bbox 56 2388 1107 2472; baseline 0 -20"><span class='ocrx_word' id='word_1_132' title='bbox 56 2388 107 2452; x_wconf 87' lang='lat' dir='ltr'><strong>vel</strong></span> <span class='ocrx_word' id='word_1_133' title='bbox 130 2389 301 2452; x_wconf 85' lang='lat' dir='ltr'><strong>cessaverit</strong></span> <span class='ocrx_word' id='word_1_134' title='bbox 321 2388 509 2472; x_wconf 89' lang='lat' dir='ltr'><strong>perieulum,</strong></span> <span class='ocrx_word' id='word_1_135' title='bbox 533 2390 628 2452; x_wconf 90' lang='lat' dir='ltr'><strong>etad</strong></span> <span class='ocrx_word' id='word_1_136' title='bbox 651 2389 828 2452; x_wconf 86' lang='lat' dir='ltr'><strong>Ecclesiam</strong></span> <span class='ocrx_word' id='word_1_137' title='bbox 852 2389 975 2452; x_wconf 92' lang='lat' dir='ltr'><strong>delatus</strong></span> <span class='ocrx_word' id='word_1_138' title='bbox 1001 2390 1107 2465; x_wconf 88' lang='lat' dir='ltr'><strong>fuerit,</strong></span> 
     </span>
     <span class='ocr_line' id='line_1_21' title="bbox 57 2491 1108 2576; baseline -0.002 -17"><span class='ocrx_word' id='word_1_139' title='bbox 57 2494 180 2559; x_wconf 89' lang='lat' dir='ltr'><strong>omissa</strong></span> <span class='ocrx_word' id='word_1_140' title='bbox 195 2495 303 2556; x_wconf 90' lang='lat' dir='ltr'><strong>omnia</strong></span> <span class='ocrx_word' id='word_1_141' title='bbox 318 2493 535 2576; x_wconf 89' lang='lat' dir='ltr'><strong>suppleantur.</strong></span> <span class='ocrx_word' id='word_1_142' title='bbox 583 2491 693 2575; x_wconf 85' lang='lat' dir='ltr'><strong>(Rem.</strong></span> <span class='ocrx_word' id='word_1_143' title='bbox 704 2494 784 2573; x_wconf 88' lang='lat' dir='ltr'><strong>Rit.)</strong></span> <span class='ocrx_word' id='word_1_144' title='bbox 832 2495 883 2556; x_wconf 85' lang='lat' dir='ltr'><strong>Ex</strong></span> <span class='ocrx_word' id='word_1_145' title='bbox 897 2495 1021 2558; x_wconf 89' lang='lat' dir='ltr'><strong>decreto</strong></span> <span class='ocrx_word' id='word_1_146' title='bbox 1037 2514 1108 2557; x_wconf 91' lang='lat' dir='ltr'><strong>vero</strong></span> 
     </span>
     <span class='ocr_line' id='line_1_22' title="bbox 58 2595 1108 2679; baseline 0 -21"><span class='ocrx_word' id='word_1_147' title='bbox 58 2596 130 2660; x_wconf 88' lang='lat' dir='ltr'><strong>Sao.</strong></span> <span class='ocrx_word' id='word_1_148' title='bbox 147 2597 249 2679; x_wconf 83' lang='lat' dir='ltr'><strong>Oong.</strong></span> <span class='ocrx_word' id='word_1_149' title='bbox 264 2596 400 2659; x_wconf 86' lang='lat' dir='ltr'><strong>Rituum</strong></span> <span class='ocrx_word' id='word_1_150' title='bbox 417 2595 505 2678; x_wconf 83' lang='lat' dir='ltr'><strong>Sept.</strong></span> <span class='ocrx_word' id='word_1_151' title='bbox 522 2596 575 2671; x_wconf 81' lang='lat'><strong>23,</strong></span> <span class='ocrx_word' id='word_1_152' title='bbox 594 2597 689 2672; x_wconf 78' lang='lat'>1820,</span> <span class='ocrx_word' id='word_1_153' title='bbox 707 2617 780 2659; x_wconf 89' lang='lat' dir='ltr'><strong>cum</strong></span> <span class='ocrx_word' id='word_1_154' title='bbox 802 2595 946 2660; x_wconf 87' lang='lat' dir='ltr'><strong>sacerdos</strong></span> <span class='ocrx_word' id='word_1_155' title='bbox 973 2596 1008 2658; x_wconf 89' lang='lat' dir='ltr'><strong>in</strong></span> <span class='ocrx_word' id='word_1_156' title='bbox 1033 2616 1108 2659; x_wconf 90' lang='lat' dir='ltr'><strong>casu</strong></span> 
     </span>
     <span class='ocr_line' id='line_1_23' title="bbox 57 2697 1109 2781; baseline -0.001 -21"><span class='ocrx_word' id='word_1_157' title='bbox 57 2698 261 2762; x_wconf 86' lang='lat' dir='ltr'><strong>necessitatis</strong></span> <span class='ocrx_word' id='word_1_158' title='bbox 276 2697 433 2760; x_wconf 89' lang='lat' dir='ltr'><strong>infantem</strong></span> <span class='ocrx_word' id='word_1_159' title='bbox 453 2697 601 2780; x_wconf 86' lang='lat' dir='ltr'><strong>privatim</strong></span> <span class='ocrx_word' id='word_1_160' title='bbox 627 2697 776 2780; x_wconf 83' lang='lat' dir='ltr'><strong>baptizat,</strong></span> <span class='ocrx_word' id='word_1_161' title='bbox 793 2699 1006 2761; x_wconf 88' lang='lat' dir='ltr'><strong>caeremoniae</strong></span> <span class='ocrx_word' id='word_1_162' title='bbox 1028 2718 1109 2781; x_wconf 88' lang='lat' dir='ltr'><strong>quae</strong></span> 
     </span>
     <span class='ocr_line' id='line_1_24' title="bbox 59 2800 1109 2885; baseline 0 -20"><span class='ocrx_word' id='word_1_163' title='bbox 59 2802 302 2885; x_wconf 89' lang='lat' dir='ltr'><strong>subsequuntur</strong></span> <span class='ocrx_word' id='word_1_164' title='bbox 343 2800 551 2878; x_wconf 90' lang='lat' dir='ltr'><strong>ablutionem,</strong></span> <span class='ocrx_word' id='word_1_165' title='bbox 584 2801 715 2877; x_wconf 87' lang='lat' dir='ltr'><strong>seilicet,</strong></span> <span class='ocrx_word' id='word_1_166' title='bbox 749 2801 942 2879; x_wconf 90' lang='lat' dir='ltr'><strong>chrismatio,</strong></span> <span class='ocrx_word' id='word_1_167' title='bbox 979 2802 1109 2866; x_wconf 88' lang='lat' dir='ltr'><strong>traditio</strong></span> 
     </span>
     <span class='ocr_line' id='line_1_25' title="bbox 59 2904 1107 2988; baseline 0 -20"><span class='ocrx_word' id='word_1_168' title='bbox 59 2906 159 2969; x_wconf 85' lang='lat' dir='ltr'><strong>vestis</strong></span> <span class='ocrx_word' id='word_1_169' title='bbox 175 2905 337 2982; x_wconf 90' lang='lat' dir='ltr'><strong>candidae,</strong></span> <span class='ocrx_word' id='word_1_170' title='bbox 354 2910 448 2988; x_wconf 87' lang='lat' dir='ltr'><strong>atque</strong></span> <span class='ocrx_word' id='word_1_171' title='bbox 463 2904 618 2986; x_wconf 88' lang='lat' dir='ltr'><strong>lampadis</strong></span> <span class='ocrx_word' id='word_1_172' title='bbox 633 2905 783 2980; x_wconf 88' lang='lat' dir='ltr'><strong>ardentis,</strong></span> <span class='ocrx_word' id='word_1_173' title='bbox 801 2907 910 2968; x_wconf 92' lang='lat' dir='ltr'><strong>statim</strong></span> <span class='ocrx_word' id='word_1_174' title='bbox 925 2913 997 2987; x_wconf 90' lang='lat' dir='ltr'><strong>post</strong></span> <span class='ocrx_word' id='word_1_175' title='bbox 1019 2905 1107 2968; x_wconf 89' lang='lat' dir='ltr'><strong>ablu-</strong></span> 
     </span>
     <span class='ocr_line' id='line_1_26' title="bbox 58 3005 1107 3089; baseline -0.002 -18"><span class='ocrx_word' id='word_1_176' title='bbox 58 3007 183 3072; x_wconf 86' lang='lat' dir='ltr'><strong>tionem</strong></span> <span class='ocrx_word' id='word_1_177' title='bbox 205 3005 400 3071; x_wconf 88' lang='lat' dir='ltr'><strong>adhibendae</strong></span> <span class='ocrx_word' id='word_1_178' title='bbox 424 3012 511 3070; x_wconf 90' lang='lat' dir='ltr'><strong>sunt.</strong></span> <span class='ocrx_word' id='word_1_179' title='bbox 568 3006 650 3069; x_wconf 81' lang='lat' dir='ltr'><strong>Cum</strong></span> <span class='ocrx_word' id='word_1_180' title='bbox 675 3007 810 3069; x_wconf 86' lang='lat' dir='ltr'><strong>formula</strong></span> <span class='ocrx_word' id='word_1_181' title='bbox 835 3007 994 3089; x_wconf 90' lang='lat' dir='ltr'><strong>Baptismi</strong></span> <span class='ocrx_word' id='word_1_182' title='bbox 1019 3007 1107 3070; x_wconf 93' lang='lat' dir='ltr'><strong>adul-</strong></span> 
     </span>
     <span class='ocr_line' id='line_1_27' title="bbox 59 3108 1108 3193; baseline -0.003 -19"><span class='ocrx_word' id='word_1_183' title='bbox 59 3115 167 3174; x_wconf 89' lang='lat' dir='ltr'><strong>torum</strong></span> <span class='ocrx_word' id='word_1_184' title='bbox 182 3108 350 3193; x_wconf 90' lang='lat' dir='ltr'><strong>praecipue</strong></span> <span class='ocrx_word' id='word_1_185' title='bbox 364 3109 399 3170; x_wconf 89' lang='lat' dir='ltr'><strong>in</strong></span> <span class='ocrx_word' id='word_1_186' title='bbox 409 3128 485 3172; x_wconf 90' lang='lat' dir='ltr'><strong>casu</strong></span> <span class='ocrx_word' id='word_1_187' title='bbox 494 3110 828 3191; x_wconf 85' lang='lat' dir='ltr'><strong>conversorumprouti</strong></span> <span class='ocrx_word' id='word_1_188' title='bbox 838 3108 930 3171; x_wconf 89' lang='lat' dir='ltr'><strong>datur</strong></span> <span class='ocrx_word' id='word_1_189' title='bbox 940 3110 974 3171; x_wconf 92' lang='lat' dir='ltr'><strong>in</strong></span> <span class='ocrx_word' id='word_1_190' title='bbox 987 3109 1108 3172; x_wconf 86' lang='lat' dir='ltr'><strong>Rituali</strong></span> 
     </span>
     <span class='ocr_line' id='line_1_28' title="bbox 59 3210 1106 3295; baseline 0 -20"><span class='ocrx_word' id='word_1_191' title='bbox 59 3211 216 3288; x_wconf 86' lang='lat' dir='ltr'><strong>Romano,</strong></span> <span class='ocrx_word' id='word_1_192' title='bbox 251 3211 444 3294; x_wconf 85' lang='lat' dir='ltr'><strong>experientia</strong></span> <span class='ocrx_word' id='word_1_193' title='bbox 472 3210 681 3293; x_wconf 90' lang='lat' dir='ltr'><strong>parochorum</strong></span> <span class='ocrx_word' id='word_1_194' title='bbox 710 3216 804 3295; x_wconf 88' lang='lat' dir='ltr'><strong>atque</strong></span> <span class='ocrx_word' id='word_1_195' title='bbox 833 3211 1106 3275; x_wconf 87' lang='lat' dir='ltr'><strong>missiouariorum</strong></span> 
     </span>
     <span class='ocr_line' id='line_1_29' title="bbox 58 3313 1104 3392; baseline -0.001 -12"><span class='ocrx_word' id='word_1_196' title='bbox 58 3316 242 3380; x_wconf 83' lang='lat' dir='ltr'><strong>inveniatur</strong></span> <span class='ocrx_word' id='word_1_197' title='bbox 272 3314 385 3379; x_wconf 91' lang='lat' dir='ltr'><strong>multis</strong></span> <span class='ocrx_word' id='word_1_198' title='bbox 403 3313 654 3382; x_wconf 77' lang='lat' dir='ltr'><strong>difficultatibus</strong></span> <span class='ocrx_word' id='word_1_199' title='bbox 676 3320 708 3379; x_wconf 89' lang='lat' dir='ltr'><strong>et</strong></span> <span class='ocrx_word' id='word_1_200' title='bbox 726 3315 937 3379; x_wconf 85' lang='lat' dir='ltr'><strong>incommodis</strong></span> <span class='ocrx_word' id='word_1_201' title='bbox 960 3315 1104 3392; x_wconf 82' lang='lat' dir='ltr'><strong>obnoxia,</strong></span> 
     </span>
     <span class='ocr_line' id='line_1_30' title="bbox 59 3417 1106 3500; baseline -0.003 -18"><span class='ocrx_word' id='word_1_202' title='bbox 59 3419 207 3483; x_wconf 86' lang='lat' dir='ltr'><strong>sentiunt</strong></span> <span class='ocrx_word' id='word_1_203' title='bbox 220 3417 318 3499; x_wconf 88' lang='lat' dir='ltr'><strong>hujus</strong></span> <span class='ocrx_word' id='word_1_204' title='bbox 335 3417 455 3500; x_wconf 86' lang='lat' dir='ltr'><strong>Synodi</strong></span> <span class='ocrx_word' id='word_1_205' title='bbox 469 3417 621 3500; x_wconf 87' lang='lat' dir='ltr'><strong>Episcopi</strong></span> <span class='ocrx_word' id='word_1_206' title='bbox 640 3417 807 3481; x_wconf 88' lang='lat' dir='ltr'><strong>Sanctitati</strong></span> <span class='ocrx_word' id='word_1_207' title='bbox 831 3418 913 3481; x_wconf 90' lang='lat' dir='ltr'><strong>Suae</strong></span> <span class='ocrx_word' id='word_1_208' title='bbox 937 3438 1007 3480; x_wconf 90' lang='lat' dir='ltr'><strong>esse</strong></span> <span class='ocrx_word' id='word_1_209' title='bbox 1032 3437 1106 3500; x_wconf 91' lang='lat' dir='ltr'><strong>sup·</strong></span> 
     </span>
     <span class='ocr_line' id='line_1_31' title="bbox 57 3519 1105 3604; baseline -0.001 -20"><span class='ocrx_word' id='word_1_210' title='bbox 57 3521 244 3604; x_wconf 87' lang='lat' dir='ltr'><strong>plicandum</strong></span> <span class='ocrx_word' id='word_1_211' title='bbox 272 3540 330 3603; x_wconf 90' lang='lat' dir='ltr'><strong>pro</strong></span> <span class='ocrx_word' id='word_1_212' title='bbox 359 3519 493 3602; x_wconf 87' lang='lat' dir='ltr'><strong>alicujus</strong></span> <span class='ocrx_word' id='word_1_213' title='bbox 528 3519 646 3582; x_wconf 87' lang='lat' dir='ltr'><strong>formae</strong></span> <span class='ocrx_word' id='word_1_214' title='bbox 682 3519 834 3584; x_wconf 83' lang='lat' dir='ltr'><strong>brevioris</strong></span> <span class='ocrx_word' id='word_1_215' title='bbox 870 3525 965 3602; x_wconf 88' lang='lat' dir='ltr'><strong>atque</strong></span> <span class='ocrx_word' id='word_1_216' title='bbox 1002 3521 1105 3602; x_wconf 84' lang='lat' dir='ltr'><strong>magis</strong></span> 
     </span>
     <span class='ocr_line' id='line_1_32' title="bbox 58 3618 552 3687; baseline -0.008 0"><span class='ocrx_word' id='word_1_217' title='bbox 58 3622 313 3687; x_wconf 87' lang='lat' dir='ltr'><strong>accommodatae</strong></span> <span class='ocrx_word' id='word_1_218' title='bbox 328 3618 552 3684; x_wconf 88' lang='lat' dir='ltr'><strong>concessione.1</strong></span> 
     </span>
    </p>

    <p class='ocr_par' dir='ltr' id='par_1_5' title="bbox 57 3724 1105 4018">
     <span class='ocr_line' id='line_1_33' title="bbox 102 3724 1105 3809; baseline -0.002 -19"><span class='ocrx_word' id='word_1_219' title='bbox 102 3727 157 3791; x_wconf 80' lang='lat'><strong>34.</strong></span> <span class='ocrx_word' id='word_1_220' title='bbox 179 3726 220 3789; x_wconf 90' lang='lat' dir='ltr'><strong>In</strong></span> <span class='ocrx_word' id='word_1_221' title='bbox 236 3725 509 3789; x_wconf 85' lang='lat' dir='ltr'><strong>administratione</strong></span> <span class='ocrx_word' id='word_1_222' title='bbox 525 3724 719 3790; x_wconf 88' lang='lat' dir='ltr'><strong>Sacramenti</strong></span> <span class='ocrx_word' id='word_1_223' title='bbox 733 3726 891 3809; x_wconf 90' lang='lat' dir='ltr'><strong>Baptismi</strong></span> <span class='ocrx_word' id='word_1_224' title='bbox 902 3725 1105 3788; x_wconf 89' lang='lat' dir='ltr'><strong>meminerint</strong></span> 
     </span>
     <span class='ocr_line' id='line_1_34' title="bbox 57 3828 1104 3895; baseline -0.003 0"><span class='ocrx_word' id='word_1_225' title='bbox 57 3830 194 3895; x_wconf 90' lang='lat' dir='ltr'><strong>Paroehi</strong></span> <span class='ocrx_word' id='word_1_226' title='bbox 215 3828 391 3894; x_wconf 89' lang='lat' dir='ltr'><strong>haereticos</strong></span> <span class='ocrx_word' id='word_1_227' title='bbox 412 3828 588 3893; x_wconf 89' lang='lat' dir='ltr'><strong>nullimode</strong></span> <span class='ocrx_word' id='word_1_228' title='bbox 610 3830 822 3894; x_wconf 89' lang='lat' dir='ltr'><strong>admittendos</strong></span> <span class='ocrx_word' id='word_1_229' title='bbox 844 3850 914 3893; x_wconf 90' lang='lat' dir='ltr'><strong>esse</strong></span> <span class='ocrx_word' id='word_1_230' title='bbox 935 3831 970 3892; x_wconf 93' lang='lat' dir='ltr'><strong>in</strong></span> <span class='ocrx_word' id='word_1_231' title='bbox 985 3848 1104 3892; x_wconf 89' lang='lat' dir='ltr'><strong>munus</strong></span> 
     </span>
     <span class='ocr_line' id='line_1_35' title="bbox 58 3931 1105 4018; baseline 0.002 -20"><span class='ocrx_word' id='word_1_232' title='bbox 58 3933 177 4018; x_wconf 83' lang='lat' dir='ltr'><strong>patrini</strong></span> <span class='ocrx_word' id='word_1_233' title='bbox 191 3932 241 3998; x_wconf 86' lang='lat' dir='ltr'><strong>vel</strong></span> <span class='ocrx_word' id='word_1_234' title='bbox 262 3931 427 4011; x_wconf 86' lang='lat' dir='ltr'><strong>matrinae,</strong></span> <span class='ocrx_word' id='word_1_235' title='bbox 451 3936 545 4015; x_wconf 90' lang='lat' dir='ltr'><strong>atque</strong></span> <span class='ocrx_word' id='word_1_236' title='bbox 570 3931 680 3997; x_wconf 89' lang='lat' dir='ltr'><strong>fideles</strong></span> <span class='ocrx_word' id='word_1_237' title='bbox 703 3933 892 3998; x_wconf 91' lang='lat' dir='ltr'><strong>admoneant</strong></span> <span class='ocrx_word' id='word_1_238' title='bbox 906 3933 947 3998; x_wconf 91' lang='lat' dir='ltr'><strong>iis</strong></span> <span class='ocrx_word' id='word_1_239' title='bbox 962 3933 1105 4000; x_wconf 88' lang='lat' dir='ltr'><strong>absolute</strong></span> 
     </span>
    </p>
   </div>
   <div class='ocr_carea' id='block_1_3' title="bbox 389 4064 792 4130">
    <p class='ocr_par' dir='ltr' id='par_1_6' title="bbox 389 4064 792 4130">
     <span class='ocr_line' id='line_1_36' title="bbox 389 4064 792 4130; baseline -0.012 -14"><span class='ocrx_word' id='word_1_240' title='bbox 389 4065 401 4099; x_wconf 87' lang='lat'>²</span> <span class='ocrx_word' id='word_1_241' title='bbox 411 4065 475 4116; x_wconf 90' lang='lat' dir='ltr'><strong>Vide</strong></span> <span class='ocrx_word' id='word_1_242' title='bbox 486 4064 602 4130; x_wconf 89' lang='lat' dir='ltr'><strong>Append.</strong></span> <span class='ocrx_word' id='word_1_243' title='bbox 612 4064 657 4114; x_wconf 91' lang='lat' dir='ltr'><strong>IV.</strong></span> <span class='ocrx_word' id='word_1_244' title='bbox 668 4078 725 4128; x_wconf 83' lang='lat' dir='ltr'><strong>pag.</strong></span> <span class='ocrx_word' id='word_1_245' title='bbox 737 4065 792 4112; x_wconf 75' lang='lat'><strong>222.</strong></span> 
     </span>
    </p>
   </div>
   <div class='ocr_carea' id='block_1_4' title="bbox 0 0 1292 4410">
    <p class='ocr_par' dir='ltr' id='par_1_7' title="bbox 0 0 1292 4410">
     <span class='ocr_line' id='line_1_37' title="bbox 0 0 1292 4410; baseline 0 0"><span class='ocrx_word' id='word_1_246' title='bbox 0 0 1292 4410; x_wconf 95' lang='lat' dir='ltr'><strong> </strong></span> 
     </span>
    </p>
   </div>
  </div>
 </body>
</html>
