2572 4410
621 335 683 398 189

104 487 282 572 *inuam
298 526 369 571 esse
386 505 671 589 supernaturalem,
688 526 758 588 qua,
780 504 841 568 Dei
863 507 1022 589 aspirante
1038 513 1071 571 et
1085 486 1177 592 adju·¹

113 599 222 706 lente
234 610 346 693 gratia,
359 609 398 672 ab
413 629 450 672 eo
464 608 602 671 revelata
611 629 683 671 vera
695 626 765 671 esse
777 608 947 686 credimus,
965 630 1028 673 non
1043 618 1172 695 propter

119 708 335 776 lutrinsecam
357 731 465 774 rerum
480 712 647 776 veritatem
662 709 801 772 naturali
815 712 948 775 rationis
963 712 1084 776 lumine
1099 734 1171 797 per·

131 821 279 897 speum,
296 814 353 878 sed
367 819 495 896 propter
506 813 725 876 auctoritatem
736 813 839 894 ipsius
848 813 910 875 Dei
918 814 1100 890 revelantis,
1117 817 1172 898 qui

129 925 184 980 uec
198 916 267 979 falli
282 937 341 978 nec
355 915 464 977 fallere
479 920 595 996 potest.
634 915 697 976 Est
709 916 795 977 enim
810 914 900 990 fides,
917 920 1055 978 testante
1069 916 1171 1000 Apos-

68 1074 72 1085 .
131 1018 202 1094 tolo,
227 1017 467 1100 sperandarum
497 1016 678 1080 substantia
707 1038 824 1094 rerum,
857 1023 1084 1100 argumentum
1105 1039 1170 1082 non

127 1116 378 1204 apparentium.l

168 1222 217 1286 Ut
230 1220 447 1284 nihilominus
458 1220 533 1283 fidei
542 1226 669 1284 nostrae
679 1220 866 1303 obsequium
876 1222 995 1284 rationi
1006 1230 1172 1287 consenta-

124 1343 224 1388 neum
255 1329 351 1400 essct,
381 1322 483 1386 voluit
512 1323 601 1386 Deus
630 1344 704 1385 cum
732 1324 870 1386 internis
900 1323 1039 1406 Spiritus
1061 1323 1173 1391 Sancti

123 1426 254 1489 auxiliis
277 1431 406 1489 externa
424 1425 520 1508 jungi
550 1425 754 1488 revelationis
784 1444 860 1489 suae
875 1432 1073 1508 argumenta,
1090 1428 1172 1490 facta

124 1527 249 1592 scilicet
260 1527 377 1602 divina,
394 1533 488 1610 atque
499 1528 662 1610 imprimis
673 1527 826 1590 miracula
840 1532 873 1590 et
883 1525 1078 1610 prophetias,
1092 1550 1172 1613 quac

122 1651 198 1694 curn
213 1629 277 1692 Dei
296 1630 563 1712 omnipotentiam
583 1636 617 1692 et
636 1630 796 1692 infinitam
813 1630 979 1694 scientiam
994 1630 1173 1694 luculenter

121 1737 390 1808 commonstrent,
401 1731 526 1793 <livinae
537 1732 738 1795 revelationis
754 1733 845 1815 signa
861 1738 939 1796 sunt
952 1733 1130 1796 certissima
1141 1739 1174 1796 et

120 1836 270 1900 omnium
285 1833 517 1916 intelligentiae
540 1832 787 1906 accommodata.
834 1835 938 1911 Quare
954 1839 1024 1897 tum
1039 1834 1171 1916 Moyses

121 1942 157 2000 et
171 1936 361 2019 Prophetae,
376 1941 446 1998 tum
456 1936 526 2017 ipse
538 1937 676 1998 maxime
688 1936 839 1999 Christus
849 1936 1009 1999 Dominus
1023 1936 1125 2000 multa
1139 1945 1172 2001 et

121 2039 388 2102 manifestissima
416 2038 567 2100 miracula
596 2044 630 2101 et
658 2039 841 2121 prophetias
864 2037 1033 2101 ediderunt
1045 2061 1053 2117 ;
1079 2040 1171 2103 etde

121 2140 288 2223 Apostolis
310 2140 464 2222 legimus:
488 2140 542 2202 Illi
557 2147 665 2203 autem
679 2141 812 2224 profecti
827 2140 1088 2222 praedicaverunt
1102 2141 1170 2205 ubi·
1215 2146 1217 2150 ’
1266 2214 1268 2217 .

121 2264 195 2327 que,
227 2243 369 2306 Domino
399 2249 596 2325 cooperante,
621 2249 654 2306 et
676 2262 856 2306 sermonem
885 2242 1105 2319 confirmante,
1123 2264 1172 2308 se-

120 2345 297 2429 quentibus
324 2341 450 2426 signis.2
493 2343 540 2408 Et
568 2366 697 2408 rursum
728 2345 883 2427 scriptum
913 2350 977 2408 est:
1002 2343 1171 2411 Habemus

119 2445 299 2510 firmiorem
323 2445 546 2530 propheticum
563 2467 752 2524 sermonem,
769 2448 821 2510 cui
840 2448 920 2510 bene
939 2447 1045 2510 facitis
1065 2453 1169 2512 atten-

118 2549 237 2614 dentes
251 2550 342 2632 quasi
357 2549 504 2613 lucernae
519 2551 638 2614 lucenti
652 2552 686 2613 in
702 2549 874 2640 caliginoso
889 2545 983 2612 Ιοοο.8

165 2650 259 2716 Licet
275 2658 383 2714 autem
407 2652 483 2715 fidei
498 2674 649 2716 assensus
664 2669 872 2735 nequaquam
888 2652 931 2714 sit
945 2657 1053 2716 motus
1069 2653 1169 2715 animi

117 2775 249 2818 caecus:
272 2773 367 2817 nemo
396 2760 504 2817 tamen
530 2756 728 2838 evangelicae
742 2754 969 2836 praedicationi
991 2757 1170 2818 consentire

118 2861 238 2939 potest,
271 2857 354 2919 sicut
383 2862 509 2940 oportet
531 2858 571 2920 ad
594 2858 731 2921 salutem
754 2853 1022 2938 consequendam,
1050 2856 1168 2940 absque

119 2958 358 3022 illuminatione
381 2965 413 3021 et
434 2960 643 3042 inspiratione
660 2959 800 3041 Spiritus
818 2959 936 3034 Sancti,
961 2960 1017 3040 qui
1032 2959 1087 3022 dat
1102 2980 1167 3022 om-

118 3059 217 3123 nibus
247 3061 435 3124 suavitatem
464 3062 500 3123 in
530 3060 759 3126 consentiendo
782 3066 816 3122 et
840 3059 997 3124 credendo
1012 3058 1167 3124 ueritati.4

118 3164 225 3239 Quare
239 3163 319 3225 fides
330 3164 400 3246 ipsa
414 3164 450 3225 in
466 3184 510 3240 se,
527 3165 654 3228 etiamsi
665 3182 722 3246 per
732 3162 922 3225 charitatem
935 3183 1000 3227 non
1016 3168 1165 3245 operetur

117 3263 240 3327 donum
262 3263 324 3328 Dei
345 3271 404 3342 est,
430 3272 462 3329 et
484 3272 577 3330 actus
599 3265 670 3349 ejus
685 3270 734 3328 est
749 3284 831 3347 opus
854 3264 893 3327 ad
916 3264 1052 3328 salutem
1066 3265 1164 3346 pcrti-

115 3385 211 3441 ncns,
236 3387 298 3449 quo
320 3367 417 3431 homo
439 3367 572 3432 liberam
594 3368 737 3452 praestat
759 3367 823 3449 ipsi
847 3367 915 3430 Deo
939 3366 1165 3442 obedientiam,

115 3465 237 3551 gratiae
260 3471 340 3553 ejus,
364 3471 416 3534 oui
437 3471 586 3536 resistere
607 3475 727 3554 posset,
752 3469 980 3533 consentiendo
1003 3474 1035 3532 ct
1054 3487 1166 3552 coope-

116 3570 231 3634 raude.

158 3674 257 3738 Porro
280 3674 342 3736 fide
365 3674 475 3737 divina
498 3679 531 3738 et
552 3672 706 3737 catholica
728 3696 765 3738 ea
779 3673 888 3738 omnia
903 3673 1059 3736 credenda
1075 3679 1163 3750 sunt,

116 3796 199 3860 quae
221 3776 257 3838 in
278 3777 372 3840 verbo
395 3777 457 3839 Dei
480 3777 597 3859 scripto
621 3776 670 3839 vel
691 3776 810 3840 tradito
834 3776 1049 3853 continentur,
1074 3775 1167 3838 stab

115 3901 221 3951 'Heba
232 3900 268 3951 xi.
280 3901 303 3951 1.
360 3901 555 3952 ’Maaxvissb
606 3899 799 3952 ³2Petr.i.19.
848 3899 1166 3964 ⁴Symbrauaiioant.
