2572 4410
567 377 630 442 265

117 557 154 620 Si
174 557 370 641 responderit
399 555 593 632 affirmative,
626 555 876 639 supersedeatur,
901 559 965 622 nisi
989 581 1029 623 ex
1048 560 1120 626 aliis

69 660 210 725 testibus
224 659 373 744 probetur
398 658 630 737 concludenter,
657 679 722 722 non
741 656 892 724 habuisse
916 682 1047 726 uxorem
1070 664 1120 728 vel

69 763 236 825 maritum.

118 865 154 928 Si
167 885 240 928 vero
254 863 451 947 responderit
465 863 620 946 negative.

116 965 177 1029 XI.
200 967 418 1049 Interrogetur
449 963 489 1029 de
529 987 625 1030 causa
656 967 815 1042 scientiae,
848 986 887 1030 ex
916 988 978 1052 qua
1007 968 1120 1033 deinde

70 1070 94 1133 J
94 1069 181 1132 udex
195 1069 340 1151 colligere
354 1069 481 1151 poterit,
498 1088 538 1131 an
555 1069 644 1132 Tecti
660 1069 702 1132 sit
717 1069 820 1131 danda
833 1065 925 1135 fides.

119 1171 155 1233 Si
168 1171 373 1254 responderit,
389 1170 572 1234 contrahere
586 1171 727 1235 volentes
741 1170 891 1236 habuisse
917 1194 1048 1239 uxorem
1073 1175 1123 1238 vel

71 1274 238 1348 maritum,
256 1273 312 1337 sed
326 1293 395 1336 csse
410 1278 565 1362 mortuos.

118 1373 196 1438 XII.
220 1374 437 1458 Interrogetur
452 1376 490 1438 de
505 1376 584 1450 loco,
601 1381 634 1439 et
648 1382 798 1459 tempore,
816 1398 878 1461 quo
901 1383 976 1442 sunt
991 1379 1123 1454 mortui,

71 1483 107 1542 et
122 1478 279 1561 quomodo
294 1479 362 1561 ipse
379 1478 484 1542 Testis
509 1478 599 1554 sciat,
615 1478 714 1543 fuisse
730 1481 890 1563 conjuges,
907 1486 940 1544 et
954 1502 1039 1545 nuno
1052 1503 1123 1546 esse

72 1586 230 1644 mortuos.

116 1681 165 1746 Et
180 1683 209 1747 si
222 1683 420 1766 respondeat,
437 1689 581 1747 mortuos
596 1683 695 1747 fuisse
710 1684 744 1746 in
760 1683 865 1767 aliquo
888 1683 1050 1768 hospitali,
1074 1686 1124 1750 vel

72 1785 191 1850 vidisse
221 1786 348 1868 sepeliri
369 1787 404 1848 in
427 1792 512 1850 certa
540 1784 682 1860 ecclesia,
712 1785 763 1848 vel
792 1788 955 1850 occasione
990 1788 1124 1851 militiae

73 1887 219 1971 sepultos
233 1886 332 1951 fuisse
347 1909 366 1951 a
390 1888 560 1964 militibus,
576 1909 641 1952 non
656 1888 749 1951 detur
762 1888 891 1951 lieentia
906 1888 1122 1965 contrahendi,

72 1990 140 2054 nisi
153 1990 243 2073 prius
257 1996 382 2073 recepto
397 1991 581 2055 testimonio
596 1989 780 2054 authentico
795 2010 814 2052 a
828 1989 961 2053 Rectore
983 1990 1123 2074 hospita-

73 2093 127 2169 lis,
144 2093 179 2154 in
194 2113 256 2175 quo
270 2093 423 2176 praedicti
438 2093 652 2170 decesserunt,
671 2093 721 2156 vel
747 2113 766 2155 a
789 2090 922 2155 Rectore
947 2090 1122 2169 Ecclesiae,
1236 2133 1238 2137 -

72 2195 109 2258 in
124 2215 187 2277 qua
201 2195 334 2257 humata
347 2196 477 2258 fuerunt
491 2216 601 2259 eorum
620 2193 779 2269 cadavera,
796 2195 855 2269 vel,
874 2195 902 2257 si
924 2194 992 2257 fieri
1006 2200 1122 2278 potest,

73 2317 94 2360 a
108 2297 199 2360 Duce
213 2297 301 2360 illius
316 2298 455 2361 cohortis
470 2298 504 2360 in
520 2318 582 2381 qua
597 2297 775 2380 descriptus
790 2303 857 2360 erat
871 2297 975 2360 miles.

120 2397 158 2464 Si
191 2405 299 2462 tamen
328 2398 514 2482 hujusmodi
542 2400 726 2464 testimonia
754 2398 864 2463 haberi
889 2419 952 2462 non
975 2405 1122 2482 possunt,

74 2501 171 2564 Sacra
186 2498 395 2585 Congregatio
410 2523 474 2566 non
488 2503 627 2566 intendit
637 2501 803 2565 excludere
818 2501 896 2564 alias
910 2501 1122 2585 probationes,

73 2623 155 2687 quae
182 2602 220 2667 de
245 2607 318 2688 jure
349 2605 511 2668 communi
538 2611 674 2689 possunt
699 2602 837 2680 admitti,
862 2603 1035 2669 dummodo
1060 2606 1131 2669 sint
1191 2670 1194 2681 ,

71 2706 235 2790 legitimae
250 2712 282 2770 et
298 2706 500 2771 sufficientes.

118 2807 215 2872 XIII.
239 2810 465 2893 interrogetur,
483 2830 523 2872 an
537 2817 611 2894 post
629 2816 764 2874 mortem
788 2809 866 2873 dicti
899 2808 1047 2893 conjugis
1070 2810 1123 2874 de·

72 2911 187 2984 functi,
203 2911 318 2995 aliquis
333 2933 372 2975 ex
385 2913 555 2997 praedictis
570 2913 752 2978 contrahere
767 2912 947 2977 volentibus
962 2913 1124 2977 transierit

72 3013 116 3078 cd
131 3014 269 3076 secunda
282 3020 365 3077 vota.

121 3114 157 3177 Si
170 3115 367 3199 responderit
381 3117 537 3200 negative.

119 3214 209 3282 XIV.
233 3219 460 3301 Interrogetur,
478 3240 518 3282 an
532 3240 603 3283 esse
617 3219 730 3303 possit,
750 3218 833 3303 quod
857 3220 972 3302 aliquis
998 3241 1037 3283 ex
1057 3218 1123 3283 illis

71 3319 238 3384 transierit
250 3321 289 3383 ad
302 3319 440 3384 secunda
450 3327 533 3398 vota,
546 3322 664 3406 absque
675 3343 722 3400 eo,
736 3322 820 3407 quod
830 3323 899 3405 ipse
915 3322 1021 3385 Testis
1033 3322 1121 3385 sciat.

123 3418 159 3485 Si
188 3423 386 3505 responderit
416 3423 610 3499 affirmative,
643 3424 884 3507 supersedeatur
912 3424 946 3485 in
983 3423 1121 3500 licentia,

73 3520 176 3586 donec
200 3524 415 3607 producantur
438 3527 561 3603 Testes,
588 3547 644 3611 per
667 3547 747 3611 quos
775 3525 921 3608 negativa
949 3530 1124 3590 coarctetur

75 3623 312 3691 concludenter.

122 3725 159 3793 Si
172 3748 245 3792 vero
259 3731 417 3813 negative.

119 3827 191 3894 XV.
208 3831 425 3916 Interrogetur
439 3831 478 3897 de
494 3854 588 3897 causa
601 3833 761 3909 scientiae,
772 3852 834 3916 qua
844 3853 1008 3916 perpensa,
1020 3832 1041 3899 J
1042 3834 1124 3899 udex

73 3932 194 4016 poterit
203 3932 357 4018 judicare,
374 3957 414 3999 an
430 3937 472 4001 sit
487 3934 685 4001 concedende
698 3935 836 4014 licentia,
852 3935 902 3999 vel
915 3957 967 4002 nc.

1027 4039 1042 4080 s
