2572 4410
627 298 670 363 99

115 472 196 535 11161·
210 473 319 556 itaque
342 497 453 540 eorum
474 481 641 545 conatibus
657 502 691 545 se
706 486 876 564 opponant,
894 482 949 564 qui
964 481 1053 547 hisce
1068 485 1165 548 etism

115 579 328 659 temporibus,
356 602 509 664 pauperes
535 585 768 649 calamitatibus
795 590 827 647 61
856 585 995 648 miseriis
1024 587 1166 662 afflictos,

114 679 224 743 oblata
234 683 378 764 pecunia,
391 686 539 751 seducere
550 690 710 753 nituntur.
742 688 863 751 (iurent
874 689 970 751 ctiam
982 697 1019 752 ut
1030 692 1167 774 populns

115 789 264 846 accurata
289 785 452 867 religionis
474 791 629 874 principia
650 791 780 864 ediscat,
804 795 902 873 utque
924 812 1044 856 errores
1067 798 1099 856 et
1114 794 1166 857 de·

116 893 271 969 pravataa
286 891 452 972 opiniones
467 894 551 957 inter
567 916 620 958 eos
632 916 697 959 non
712 894 972 958 disseminantur.

164 990 241 1053 140.
263 991 493 1076 Episcoporum
505 1018 625 1060 munus
636 1003 685 1060 est
701 997 796 1060 etiam
811 996 999 1080 praedicare.
1044 997 1115 1058 Hac
1130 994 1169 1058 de

117 1115 152 1157 re
176 1094 343 1158 recolenda
367 1104 443 1160 sunt
466 1121 545 1182 quae
568 1101 747 1164 Concilium
771 1099 1006 1172 Tridentinum,
1032 1119 1111 1163 sess.
1136 1100 1168 1174 5,

118 1219 189 1281 cap.
207 1199 239 1274 2,
255 1200 294 1263 de
316 1201 458 1266 Reform.
481 1205 733 1287 praescribitz-
735 1204 852 1280 ‘Quia
873 1225 945 1268 vero
968 1204 1170 1267 Christianae

122 1301 360 1384 “Reipublicae
375 1325 439 1368 non
455 1307 564 1369 minus
583 1306 759 1369 necessaria
782 1311 831 1367 est
849 1305 1039 1387 praedicatio
1063 1305 1169 1367 Evan-

123 1405 144 1432 “
159 1404 244 1485 gelii,
262 1424 357 1486 quam
372 1405 479 1481 leoti03
504 1414 536 1470 et
556 1408 692 1471 hoct
643 1413 692 1470 est
713 1407 916 1489 praecipuum
938 1407 1171 1489 Episcopornm

123 1509 145 1537 “
158 1526 294 1585 munns;
320 1510 432 1570 statuit
447 1515 480 1572 et
496 1509 633 1573 decrevit
648 1509 758 1572 cadem
775 1509 890 1571 Sancta
903 1507 1061 1590 Synodus,
1074 1509 1171 1590 Epis·

124 1611 146 1640 “
160 1629 266 1692 copes,
283 1609 554 1695 Archiepisoopos,
579 1613 747 1687 Primates,
770 1611 981 1686 Patriarchas,
1006 1617 1038 1674 et
1059 1630 1171 1673 omnes

125 1713 236 1777 “alios
259 1713 462 1778 ecclesiarum
485 1716 652 1798 praelatos,
669 1715 769 1778 teneri
784 1735 839 1796 per
855 1715 975 1796 seipsos
1000 1759 1008 1777 .
1034 1760 1043 1777 .
1066 1762 1073 1776 .
1099 1761 1107 1777 .
1132 1713 1173 1776 ad
1215 1739 1222 1752 ·

126 1817 405 1899 “praedicandum
422 1819 574 1882 Sanctum
589 1819 669 1882 Jesu
685 1818 806 1882 Christi
826 1816 1038 1899 Evangelium
1063 1863 1071 1879 .
1097 1863 1105 1879 .
1129 1863 1136 1877 .
1161 1861 1170 1878 .

126 1919 196 1981 “Si
213 1940 287 1984 vero
303 1920 489 2002 contigerit'’
510 1942 564 1984 eos
588 1921 759 2003 “legitimo
784 1919 918 1982 detineri
943 1917 1172 2000 impedimento

126 2023 149 2051 “
172 2069 179 2085 .
203 2062 213 2080 ·
235 2067 243 2083 .
267 2065 276 2083 .
298 2023 383 2085 viros
405 2023 536 2086 idoncos
558 2043 720 2086 assumere
742 2026 910 2084 toneantur
932 2018 972 2081 ad
986 2018 1172 2101 hujusmodi

127 2125 149 2153 “
161 2124 403 2206 praedicationis
413 2126 551 2189 officium
562 2124 730 2188 salubriter
739 2123 992 2206 exequendum.”
1015 2121 1127 2185 Etalio
1137 2122 1172 2184 in

125 2226 193 2290 loco
206 2248 286 2290 sess.
295 2228 347 2303 24,
355 2227 394 2290 de
403 2228 542 2291 Reform.
551 2249 577 2290 c.
585 2229 606 2290 4
615 2225 943 2290 :-“Praedicationis
954 2245 1081 2298 munus,
1089 2222 1173 2306 quod

128 2330 148 2357 “
161 2328 394 2410 Episcoporum
416 2330 620 2411 praecipuum
643 2334 703 2405 est,
725 2328 856 2409 cupiens
880 2327 994 2389 Sancta
1013 2325 1171 2407 Synodus,

127 2432 149 2460 “
161 2451 224 2510 quo
234 2431 435 2512 frequentius
444 2432 548 2513 possit
558 2431 598 2493 ad
609 2430 752 2492 fidelium
765 2428 901 2492 salutem
913 2428 1050 2510 exerceri
1074 2475 1082 2490 .
1108 2474 1116 2489 .
1142 2471 1151 2488 .

127 2533 148 2561 “
161 2531 294 2594 mandat
316 2536 352 2594 ut
374 2532 407 2593 in
430 2531 575 2594 Ecclesia
598 2552 656 2595 sua
677 2531 739 2613 ipsi
760 2550 815 2612 per
838 2550 882 2605 se,
899 2535 965 2605 ant,
983 2531 1011 2592 si
1032 2529 1173 2611 legitime

126 2635 309 2719 “impediti
331 2637 461 2710 fuerint,
483 2657 538 2718 per
561 2657 615 2699 eos
638 2656 716 2718 quos
739 2635 779 2697 ad
792 2634 1033 2716 praedicationis
1056 2652 1174 2696 munus

126 2742 148 2771 “
162 2746 340 2816 assument,
356 2741 388 2802 in
406 2740 478 2802 aliis
493 2746 600 2803 autem
624 2739 765 2803 ecclesiis
787 2759 843 2823 per
865 2738 1018 2821 parochos
1040 2738 1174 2815 6116116

125 2847 150 2875 ‘⁴
164 2839 340 2926 impeditis,
365 2865 420 2926 per
442 2845 521 2907 alios
545 2844 584 2908 ab
609 2845 767 2927 Episcopo
792 2889 800 2905 .
825 2886 834 2903 .
856 2886 864 2904 .
889 2891 897 2906 .
921 2842 1118 2926 deputandos
1139 2843 1173 2905 in

126 2948 291 3009 “civitate
306 2949 409 3011 autin
426 2968 611 3031 quacunque
626 2953 714 3031 parte
730 2947 882 3010 dioecesis
898 2946 1071 3010 censebunt
1083 2967 1175 3029 expe-

127 3051 229 3115 “dire
257 3052 368 3115 saltem
395 3052 544 3116 omnibns
567 3053 745 3116 Dominicis
775 3058 806 3115 et
836 3052 1033 3115 solemnibus
1063 3051 1176 3114 diebus

128 3154 153 3182 “
164 3153 267 3230 festis,
284 3161 425 3237 tempore
442 3161 549 3217 autem
560 3156 755 3238 jejuniorum
772 3154 1037 3237 Quadragesimaa
1060 3159 1092 3216 61
1112 3153 1176 3216 Ad·

129 3258 277 3321 “ventus
300 3260 432 3322 Domini
454 3260 596 3343 qnotidie
611 3258 661 3322 vel
676 3258 789 3321 saltem
811 3258 914 3321 tribus
929 3259 963 3320 in
980 3257 1176 3322 hebdomada

131 3361 286 3437 “diebns,
304 3363 332 3425 si
358 3365 403 3426 ita
429 3371 570 3446 oportere
594 3363 752 3437 duxerint,
772 3363 882 3425 Sacrae
907 3361 1083 3444 Scripturas
1098 3361 1176 3423 divi·

133 3463 154 3493 “
165 3465 411 3549 namquelegam
424 3466 629 3542 annuncient,
637 3471 669 3528 61
681 3464 758 3526 61166
768 3463 1054 3547 quotiescunqueid
1066 3484 1176 3545 oppor-

133 3566 240 3628 “tune
250 3568 318 3630 fieri
328 3589 420 3650 posse
426 3569 648 3651 judicaverint.
685 3567 877 3649 Moneatque
888 3566 1067 3648 Episcopus
1078 3587 1176 3648 popu·

135 3667 234 3730 “lum
246 3669 426 3751 diligenter,
439 3672 540 3733 teneri
551 3690 808 3752 unumquemque
817 3669 982 3751 parochiae
993 3688 1068 3730 suae
1080 3669 1176 3730 inter-

133 3772 154 3801 “
168 3791 237 3834 esse
243 3772 299 3835 ubi
305 3773 467 3837 commode
473 3774 505 3836 id
511 3775 690 3857 fieripotest
696 3772 736 3835 ad
742 3772 935 3835 audiendum
943 3771 1074 3835 verbum
1080 3772 1175 3834 Dei.”

176 3875 249 3941 141.
274 3875 355 3940 Cum
371 3877 529 3960 Episcopo
543 3899 619 3941 cura
633 3878 677 3941 sit
692 3876 861 3940 commissa
876 3876 1025 3957 pascendi
1036 3895 1175 3958 gregem,

562 4057 602 4092 ve
625 4059 638 4093 ,6
660 4056 760 4095 1111
776 4061 832 4093 a

568 4117 601 4161 „³
628 4132 666 4160 1
684 4135 706 4158 r*
727 4137 734 4161 1
752 4113 837 4167 1φῖλῖ
