2572 4410
694 373 757 437 188

200 550 281 634 ipsis
303 543 467 632 Apostolis
487 544 610 629 Spiritu
628 546 743 610 Sancto
769 542 912 609 dictante
930 548 1025 631 quasi
1047 567 1106 632 per
1131 569 1255 615 manns

201 653 350 728 traditae,
374 651 414 714 ad
435 670 497 715 nos
507 671 609 732 usque
623 649 862 734 pervenerunt.¹
909 648 972 730 Qui
986 652 1118 735 quidem
1132 656 1255 719 veteris

201 758 233 820 et
247 756 323 820 novi
339 751 542 819 Testamenti
551 751 625 817 libri
633 754 751 837 integri
760 772 835 816 oum
847 755 1001 819 omnibus
1013 753 1081 819 suis
1090 754 1243 839 partibus

200 865 297 943 prout
310 861 344 921 in
360 858 505 942 ejusdem
521 853 657 920 Concilii
673 856 800 921 decreto
815 864 1034 936 recensentur,
1047 865 1081 922 et
1099 861 1134 923 in
1150 869 1226 926 vete

200 965 335 1047 vulgata
356 962 472 1024 Latina
485 960 625 1024 editione
639 959 810 1035 habentur,
826 982 884 1043 pro
907 958 1008 1024 sacris
1031 964 1064 1026 et
1087 964 1238 1029 canonici
1271 1005 1282 1029 .-

199 1062 397 1149 suscipiendi
412 1065 498 1128 sunt.
534 1064 602 1127 Eos
616 1082 691 1125 vero
706 1063 854 1126 Ecclesia
863 1083 921 1146 pro
932 1065 1031 1128 sacris
1040 1067 1073 1129 et
1084 1066 1256 1134 canonicis

198 1169 305 1244 habet,
329 1187 395 1232 non
416 1167 488 1230 ideo
503 1164 588 1250 quod
611 1165 678 1229 sola
699 1165 845 1229 humana
866 1166 1028 1231 industrie
1048 1168 1247 1250 concinnati,

200 1291 262 1336 sua
277 1269 392 1336 deindo
415 1270 607 1334 auctoritate
623 1270 690 1332 sint
706 1267 870 1351 approbati
883 1292 892 1347 ;
916 1291 975 1334 nec
989 1271 1060 1337 ideo
1076 1271 1245 1340 dumtaxat

198 1375 285 1458 quod
306 1375 530 1439 revelationem
554 1373 623 1436 sino
645 1392 750 1436 errore
766 1374 974 1450 contineant3
1000 1375 1055 1440 sed
1080 1384 1247 1460 propterea

198 1477 283 1560 quod
313 1474 436 1559 Spiritu
461 1473 582 1540 Sancto
604 1471 783 1558 inspirante
806 1472 978 1559 conscripti
999 1478 1108 1540 Deum
1121 1478 1249 1545 habent

197 1581 372 1657 auctorem,
389 1585 485 1662 atque
500 1585 537 1642 ut
550 1578 635 1642 tales
650 1575 714 1660 ipsi
728 1577 895 1641 Ecclesiae
906 1577 1018 1643 traditi
1033 1587 1123 1644 sunt.

241 1683 403 1764 Quoniam
425 1703 508 1757 vero,
533 1702 613 1765 quae
637 1687 746 1744 sancta
769 1678 959 1745 Tridentino
983 1684 1131 1765 Synodus
1143 1685 1184 1749 de
1198 1683 1250 1751 in-

195 1789 422 1872 terpretatione
445 1786 575 1849 divinae
599 1782 783 1867 Scripturas
805 1783 845 1846 ad
867 1784 1044 1850 coercenda
1065 1789 1253 1870 petulantia

195 1888 326 1976 ingenia
341 1886 512 1953 salubriter
537 1884 687 1963 decrevit,
705 1905 725 1950 a
742 1886 936 1970 quibusdam
947 1889 1136 1955 hominibus
1151 1912 1251 1975 prave

196 1999 408 2078 exponuntur,
432 1991 511 2069 Nos,
528 1990 615 2054 idem
637 1989 800 2054 decretum
827 1993 1031 2070 renovantes,
1047 1992 1133 2059 hanc
1155 1993 1250 2063 illius

196 2098 340 2160 mentem
356 2114 428 2159 esse
450 2093 663 2169 declaramus,
681 2098 718 2156 ut
743 2093 777 2156 in
799 2093 897 2158 rebus
912 2092 988 2159 fidei
1003 2103 1035 2160 ot
1050 2119 1191 2179 morum,
1209 2102 1252 2166 ad

195 2199 448 2263 aedificationem
471 2193 633 2260 doctrinae
657 2193 862 2259 Christianae
877 2198 1120 2279 pertinentium,
1138 2202 1167 2265 is
1191 2223 1250 2286 pro

195 2323 268 2367 vero
285 2321 384 2365 sensu
400 2318 508 2364 sacrae
532 2295 717 2381 Scripturas
732 2297 901 2363 habendus
914 2301 967 2377 sit,
981 2321 1076 2385 quem
1087 2306 1198 2370 tenuit
1212 2326 1251 2371 ac

195 2410 285 2469 tenet
309 2405 426 2467 Sancta
448 2402 553 2466 Mater
575 2399 736 2477 Ecclesia,
756 2403 849 2485 cujus
872 2410 923 2466 est
940 2405 1084 2487 judicare
1108 2407 1148 2472 de
1170 2429 1248 2475 vero

196 2528 293 2572 sensu
316 2512 348 2568 et
375 2506 640 2587 interpretatione
665 2504 903 2586 Scripturarum
920 2512 1104 2570 sanctarum
1122 2531 1131 2585 ;
1149 2517 1247 2596 atquo

193 2610 265 2672 ideo
295 2608 417 2670 nemini
446 2608 541 2670 licere
565 2612 674 2669 contra
689 2606 775 2669 hunc
792 2627 933 2683 sensum,
952 2611 1120 2674 autetiam
1135 2621 1247 2678 contra

194 2711 382 2774 unanimem
411 2730 605 2773 consensum
635 2708 769 2772 Patrnm
784 2709 889 2791 ipsam
906 2708 1105 2794 Scripturam
1122 2735 1245 2780 sacram

194 2813 408 2896 interpretari.

604 3065 750 3130 CAPUT
765 3067 830 3129 ΙΠ.

646 3239 689 3283 DE
712 3240 797 3284 FIDE.

240 3381 348 3457 Quum
369 3376 468 3440 homo
491 3398 509 3439 a
531 3375 599 3439 Deo
622 3382 775 3459 tanquam
798 3377 947 3443 creatore
970 3385 1003 3442 et
1025 3379 1170 3446 Domino
1187 3403 1244 3448 suo

193 3490 281 3547 totus
303 3481 490 3564 dependeat,
522 3480 651 3543 stratio
668 3486 772 3542 creata
786 3481 946 3547 increatae
960 3481 1097 3547 Veritati
1112 3487 1244 3568 penitus

194 3585 335 3668 subjecta
350 3585 402 3659 sit,
419 3583 550 3666 plenum
564 3582 718 3645 revelanti
740 3583 808 3646 Deo
823 3584 1005 3649 intellectus
1021 3592 1054 3648 et
1067 3586 1245 3652 voluntatis

193 3688 382 3771 obsequium
397 3683 460 3748 fide
471 3689 629 3769 praestare
645 3689 804 3748 tenemur.
850 3687 943 3750 Hauc
958 3706 1033 3752 vero
1045 3688 1154 3766 fidem,
1164 3711 1244 3775 quae

192 3790 351 3853 humanae
367 3788 480 3851 salutis
502 3787 632 3850 initium
647 3792 707 3862 est,
723 3787 869 3851 Ecclesia
883 3787 1040 3854 catholica
1060 3793 1243 3874 profitetur,

389 3945 398 3975 ¹
412 3945 488 3999 Oeno.
504 3944 576 3996 Trid.
590 3962 650 3998 sess.
671 3948 716 4000 IV.
732 3948 808 3998 Decr.
820 3948 852 3999 de
864 3949 926 4001 Gan.
938 3949 1030 4014 Seript.
