2572 4410
620 325 683 389 134

165 498 239 561 305.
263 497 395 561 Pactum
405 498 490 561 intn
501 497 679 561 Parochum
689 503 721 560 ct
729 497 858 560 Fratres
868 497 949 560 circa
959 498 1080 562 victum
1094 499 1178 582 ipsis

121 601 400 684 suppeditandum,
417 607 451 664 et
473 602 536 664 alia
559 602 667 664 omnia
691 622 770 684 quae
796 600 836 663 ad
863 601 1176 666 administrationem

120 702 246 766 scholae
261 703 468 786 temporalem
489 703 662 787 pertinent,
679 709 771 766 cante
794 703 923 784 scriptis
944 703 1128 781 mandatur,
1143 711 1178 768 et

119 814 263 870 accurate
278 813 349 870 turn
364 828 383 869 a
397 807 538 870 Parocho
553 813 625 869 turn
641 827 659 868 a
675 806 843 869 Fratribus
859 811 1011 869 servetur.

163 908 238 971 306.
263 908 303 971 In
319 908 432 971 diebus
446 907 625 971 Dominicis
640 908 769 970 Fratres
791 908 894 990 parati
917 928 988 970 csse
1003 907 1122 973 debent
1136 909 1179 972 ad

119 1032 212 1094 opem
238 1011 401 1075 ferendam
429 1012 463 1074 in
494 1010 698 1074 catechismo
727 1010 867 1074 docendo
905 1011 966 1074 sub
1002 1011 1179 1078 directione

119 1112 264 1177 Parochi.

162 1217 236 1281 307.
258 1214 420 1278 Parochns
435 1215 485 1278 vel
499 1236 556 1298 per
570 1235 605 1277 se
619 1213 669 1277 vel
677 1235 733 1297 per
743 1214 917 1292 Vicarium,
930 1236 1053 1279 necnon
1067 1217 1178 1281 Sacer·

118 1315 209 1379 dotes
224 1337 336 1380 omnes
348 1317 386 1379 ab
400 1317 560 1399 Episcopo
576 1316 615 1378 ad
630 1316 690 1378 hoc
705 1315 853 1399 delegati,
865 1318 922 1399 jus
931 1316 1070 1381 habeant
1082 1339 1178 1402 quas·

118 1439 244 1502 cunque
266 1420 415 1482 Fratrum
438 1419 562 1482 scholas
584 1419 745 1495 visitandi,
771 1420 1007 1504 discipulosque
1033 1427 1180 1505 tempore

118 1529 296 1606 opportuno
311 1524 346 1585 in
362 1523 506 1586 doctrina
521 1523 705 1586 Christiana
720 1522 912 1599 instruendi,
937 1545 1061 1587 necnon
1081 1527 1180 1608 juxta

117 1627 249 1691 modurn
264 1633 297 1691 et
312 1635 439 1711 tempus
453 1627 493 1690 ab
507 1628 666 1711 Episcopo
680 1627 890 1710 probandum,
899 1628 934 1690 in
946 1629 1090 1692 scientiis
1104 1636 1178 1694 tum

68 1741 71 1748 '
117 1729 275 1812 religiosis
290 1736 361 1793 tum
377 1729 591 1793 saecularibus
607 1729 820 1792 examinandi.

161 1835 236 1896 808.
260 1833 346 1897 Loca
367 1839 400 1896 et
422 1832 563 1895 aedificia
589 1831 768 1895 scholarum
783 1833 1022 1915 parochialium,
1038 1855 1178 1918 quarum

117 1959 193 2002 cura
222 1938 389 2002 Fratribus
420 1944 470 2002 est
499 1936 700 2012 demandata,
731 1956 856 2000 necnon
878 1938 949 2019 piae
971 1939 1174 2017 donationes,

117 2046 149 2104 et
179 2041 284 2124 legata
312 2040 365 2122 pia
388 2062 445 2123 pro
468 2037 655 2123 hujusmodi
682 2037 810 2115 scholis,
835 2046 868 2102 et
890 2040 974 2104 bona
996 2061 1076 2124 quae
1098 2043 1176 2106 inde

116 2149 351 2227 comparantur,
368 2143 443 2205 fidei
456 2143 598 2226 plurium
619 2147 801 2205 curatorum
824 2144 1078 2221 committantur,
1096 2166 1175 2228 quo·

116 2268 188 2310 rum
204 2267 289 2311 nnus
306 2247 348 2309 sit
363 2244 555 2328 Episcopus,
572 2243 689 2326 aliique
705 2244 772 2306 sint
786 2243 825 2305 ab
848 2244 919 2326 ipso
935 2247 1111 2327 approbati.

159 2351 234 2413 309.
261 2347 296 2409 Si
311 2367 392 2430 qnae
407 2367 480 2409 vero
497 2347 562 2408 sint
584 2346 653 2408 loca
667 2345 717 2407 vel
743 2344 885 2407 aedificia
899 2346 949 2409 vel
973 2346 1056 2410 bona
1081 2370 1174 2432 paro-

115 2450 230 2515 chialia
245 2451 285 2514 ad
301 2449 425 2514 scholas
435 2449 640 2532 pertinentia,
654 2469 733 2531 quac
745 2469 831 2511 nunc
842 2446 1036 2511 aFratribus
1045 2449 1175 2530 proprio

115 2554 245 2617 nominc
274 2552 489 2635 possidentur,
521 2551 613 2614 nobis
647 2570 823 2632 congruum
855 2550 990 2626 videtur,
1015 2556 1173 2632 utquam

114 2657 254 2741 primum
269 2655 433 2744 commode
448 2653 518 2716 fieri
533 2659 650 2736 potest,
668 2654 742 2717 novi
764 2653 852 2717 tituli
878 2660 933 2716 aut
958 2655 1175 2718 instrumenta

114 2764 257 2821 accurate
268 2759 361 2840 juxta
375 2755 479 2838 legem
494 2754 619 2818 civilem
634 2759 666 2816 et
686 2754 815 2817 nomine
837 2755 936 2817 trium
957 2756 1007 2818 vel
1029 2754 1174 2838 plurium

114 2867 308 2937 curatorum,
325 2859 374 2922 uti
392 2860 460 2942 jam
483 2857 605 2921 dictum
628 2863 689 2934 est,
714 2858 932 2936 conficiantur,
950 2865 987 2922 ut
1006 2858 1173 2923 Ecclesiae

113 2964 163 3029 vel
178 2963 339 3046 paroeciae
349 2963 422 3046 jura
436 2967 619 3025 sartatecta
633 2967 790 3024 maneant.

158 3065 232 3127 310.
255 3062 307 3126 Ad
326 3062 524 3146 Episcopum
543 3063 693 3145 pertinet,
710 3063 760 3125 vel
779 3084 836 3145 per
856 3085 900 3140 se,
917 3064 966 3128 vel
984 3084 1041 3148 per
1062 3064 1172 3129 Sacer·

113 3162 220 3227 dotem
231 3161 269 3225 ab
285 3181 321 3224 eo
331 3160 523 3244 delegatum,
532 3161 699 3245 invigilare
711 3182 809 3245 super
816 3163 960 3227 redditus
970 3169 1002 3226 ct
1013 3183 1174 3245 expensas

113 3264 296 3328 scholarum
310 3262 539 3345 parochialium
554 3283 647 3326 curae
662 3263 811 3326 Fratrum
825 3264 1080 3327 commissarum.

157 3367 229 3429 311.
253 3366 382 3429 Fratres
397 3366 616 3448 eleemosynas
632 3366 774 3430 ostiatim
789 3388 855 3430 non
870 3367 1032 3451 colligant,
1049 3367 1115 3430 nisi
1131 3389 1172 3431 ex

39 3537 42 3543 ,
112 3467 242 3532 licentia
264 3474 336 3532 tum
358 3467 479 3551 proprii
501 3468 665 3550 Episcopi,
697 3473 768 3530 tum
789 3469 943 3551 Episcopi
965 3469 1025 3533 loci
1048 3470 1083 3533 in
1106 3491 1172 3553 quo

114 3569 271 3634 (lollectae
287 3570 366 3633 fiant
383 3592 390 3632 :
415 3589 511 3652 quarn
525 3567 689 3632 licentiam
711 3571 843 3632 nonnisi
859 3571 893 3634 in
920 3572 1058 3654 scriptis,
1079 3578 1113 3636 et
1129 3574 1172 3637 ad

112 3675 205 3739 breve
226 3683 367 3760 tempus,
392 3674 529 3738 dandam
552 3695 623 3738 esse
646 3695 825 3739 censemus.
886 3674 1014 3740 Fratres
1036 3677 1171 3757 nonnisi

113 3799 187 3844 curn
203 3780 287 3845 socio
302 3779 450 3845 collectas
464 3778 593 3842 faciant.
