2572 4410
627 352 667 417 11

141 521 288 590 Sacrorum
310 522 572 604 Antistites,non
597 524 667 591 sine
691 524 1003 593 bonommomnium
1029 528 1177 597 scandalo

135 633 215 713 atque
237 628 423 693 offensione.
478 625 562 694 (lum
584 634 693 692 autem
714 627 805 692 nulla
826 629 943 693 existat
963 631 1049 696 inter
1073 633 1175 717 Apos-

128 731 251 796 tolicam
273 731 383 796 sedem
398 752 435 795 ac
451 731 652 796 Gubernium
663 729 836 815 Anglicum
851 734 1026 812 conventio,
1047 741 1176 820 tempus

120 835 230 920 procul
258 833 356 900 dubio
377 840 465 899 esset
485 834 682 919 proponendi
704 834 844 919 aliquam
865 855 1011 900 normam
1026 858 1045 900 a
1061 837 1177 902 Sancta

120 938 201 1003 Sede
240 936 455 1015 sanciendam,
490 957 554 1021 qua
588 935 734 1001 fraenum
768 937 926 1020 ejusmodi
968 940 1177 1005 attentatibus

116 1041 261 1126 quotidie
271 1040 375 1124 magis
389 1041 425 1102 in
439 1039 600 1123 praesenti
614 1044 796 1123 temporum
810 1041 1009 1124 perversione
1024 1043 1177 1107 timendis

78 1194 84 1207 .
116 1146 315 1230 injiceretur.

95 1230 99 1239 ¹
161 1245 193 1311 A
216 1245 345 1330 Synodo
378 1243 587 1309 Thurlesensi
617 1243 710 1328 plura
744 1245 912 1310 salubriter
934 1252 1056 1311 statuta
1076 1245 1176 1325 fuere,

114 1349 237 1435 quibus
271 1353 542 1413 sacramentorum
563 1345 807 1427 sadministratio
839 1370 999 1413 sacrorum
1021 1371 1177 1414 canonum

113 1452 307 1536 disciplinae
339 1451 599 1516 conformaretur.
659 1448 703 1513 At
736 1472 808 1515 vero
840 1472 905 1515 non
940 1473 1041 1534 pauca
1073 1451 1178 1516 adhuc

113 1562 292 1640 supersunt
314 1555 505 1619 auctoritate
526 1553 652 1616 futurae
674 1547 787 1636 synodi
820 1555 1027 1619 emendanda.
1072 1554 1179 1640 Atque

115 1667 155 1724 ut
176 1665 284 1723 cetera
304 1658 540 1741 Episcopornm
554 1655 623 1719 zelo
639 1662 734 1739 atque
756 1657 966 1740 experientiae
988 1659 1023 1720 in
1045 1659 1179 1722 concilio

115 1761 290 1827 indicanda
312 1781 347 1825 ac
370 1758 557 1843 corrigenda
577 1758 767 1843 relinquam,
792 1760 831 1824 de
852 1760 1043 1844 baptismate
1058 1761 1180 1845 aliquid

115 1866 253 1930 innuam
270 1885 305 1928 ae
321 1863 360 1927 de
374 1861 590 1926 matrimonio.
635 1861 777 1925 Pecunia
792 1884 871 1947 quae
886 1865 1049 1928 occasione
1063 1863 1179 1927 horum

117 1972 391 2033 sacramentorum
424 1985 490 2029 nen
524 1965 680 2047 acceptari
702 1970 831 2028 tantum
857 1965 915 2029 sed
936 1966 1066 2030 omnino
1095 1966 1179 2048 exigi

117 2071 297 2154 generatim
319 2067 515 2151 perhibetur,
533 2086 610 2132 sane
622 2079 698 2130 'non
712 2074 820 2149 potest
842 2070 920 2152 quin
943 2068 1128 2132 scandalum
1143 2087 1180 2132 ac

116 2196 182 2238 non
204 2193 277 2236 raro
300 2172 455 2236 simoniae
477 2176 586 2235 notam
620 2170 744 2234 clericis
777 2171 896 2235 inurat.
942 2171 1092 2234 Relatum
1115 2191 1179 2233 non

118 2276 218 2342 semel
241 2281 293 2339 est
316 2295 421 2338 sacrae
442 2272 520 2336 huic
543 2273 782 2357 congregationi
806 2274 880 2337 ante
902 2273 1180 2336 matrimoniorum

116 2378 366 2443 celebrationem
380 2377 503 2460 passim
526 2397 545 2438 a
568 2373 719 2440 Parochis
738 2398 928 2459 sponsarum
943 2376 1050 2440 dotem
1065 2376 1179 2452 taxari,

115 2480 230 2547 habita
254 2480 376 2545 scilicet
397 2479 519 2543 ratione
549 2479 664 2561 ipsius,
688 2479 734 2541 ita
756 2485 793 2542 ut
815 2500 879 2543 non
901 2501 971 2543 raro
992 2479 1043 2542 vel
1064 2480 1181 2562 ingens

117 2604 249 2650 summa
270 2583 427 2647 librarum
450 2580 675 2664 sterlingarum
699 2582 847 2645 solvenda
869 2583 1014 2666 exigatur
1028 2587 1201 2666 tanquam.

118 2687 263 2752 conditio
286 2687 356 2750 sine
379 2705 441 2769 qua
462 2684 667 2747 matrimonio
690 2684 869 2748 sacerdotis
884 2685 1071 2749 adsistentis
1086 2685 1180 2748 dene-

118 2797 225 2874 getur.
269 2788 369 2872 Atqui
390 2786 578 2870 hujusmodi
601 2786 716 2869 agendi
730 2788 813 2850 ratio
828 2808 892 2850 non
911 2808 1029 2870 paucos
1045 2786 1180 2849 retrahit

118 2913 138 2956 a
159 2891 377 2955 matrimoniis
399 2887 634 2966 contrahendis,
652 2895 747 2972 atque
762 2910 832 2952 eam
852 2889 892 2952 de
915 2889 1131 2953 sacerdotibus
1145 2889 1180 2950 in
1225 2936 1228 2939 -

116 2995 220 3059 laicos
241 2994 359 3077 ingerit
371 2993 563 3076 opinionem,
579 2998 616 3055 nt
631 2992 696 3056 nisi
710 2998 800 3055 tanta
814 2992 1026 3056 Hibemensis
1041 2992 1180 3075 populus

117 3103 299 3182 praestaret
328 3096 449 3178 pietate
472 3114 509 3158 ac
540 3094 703 3178 religione,
727 3096 865 3159 maxime
897 3095 1077 3158 timendum
1099 3093 1181 3157 foret

119 3222 164 3264 ne
185 3200 257 3282 ipsa
279 3198 369 3262 illius
392 3198 472 3262 fides
495 3195 724 3261 detrimentum
745 3204 918 3282 pateretur.

165 3303 256 3366 Haec
283 3308 316 3365 et
344 3300 464 3365 similia
485 3300 622 3363 defectui
644 3301 852 3365 ecclesiastici
884 3301 1017 3385 spiritus
1049 3301 1084 3362 in
1116 3319 1181 3363 non

117 3406 232 3490 paucis
255 3425 273 3468 e
295 3403 379 3468 clero
400 3402 573 3466 tribuenda
596 3408 682 3479 sunt,
707 3404 792 3487 quod
813 3404 942 3487 quidem
964 3404 999 3465 in
1023 3403 1182 3467 sententia

119 3509 264 3573 virorum
285 3507 376 3571 omni
397 3506 581 3588 exceptione
602 3507 773 3589 majorum,
797 3513 892 3591 atque
913 3507 949 3569 in
970 3506 1180 3570 Hibemensi·

118 3610 183 3676 bus
205 3608 303 3674 rebus
325 3609 503 3692 peritorum
526 3609 565 3673 ab
587 3610 772 3691 imperfecta
805 3609 1048 3674 seminariorum
1081 3609 1179 3673 direc-

118 3713 210 3778 tione
232 3718 283 3776 est
304 3710 523 3794 repetendum.
568 3711 642 3775 Non
657 3711 825 3775 defuerunt
835 3711 942 3774 cleriei
951 3710 1179 3788 Hibemenses,

120 3817 157 3880 in
172 3813 349 3898 majoribus
358 3814 455 3877 istius
466 3813 571 3898 Regni
583 3814 736 3898 Collegiis
751 3815 896 3878 instituti
907 3821 955 3891 at,
967 3814 1089 3877 alumni
1101 3811 1179 3877 dum

123 3923 244 3998 essent,
259 3915 365 3982 habiti
379 3921 533 4001 tanquam
548 3917 672 4001 optimi,
690 3917 745 4002 qui
767 3917 847 3983 satis
863 3938 1019 4001 superque
1034 3916 1180 3982 ostende·
1224 4000 1227 4006 ¹
