2572 4410
571 395 634 465 107

68 566 274 644 Generclem,
291 567 347 651 qui
361 566 421 632 toti
435 573 560 651 praeest
575 567 723 647 dioecesi,
740 569 820 634 alios
843 570 948 637 solent
969 573 1123 660 Episcopi

68 670 291 736 determinatis
306 670 497 755 quibusdam
512 671 665 736 dioecesis
679 673 862 756 regionibus
876 675 1019 741 Vicarios
1032 699 1122 761 prae·

69 779 162 842 ficere
179 783 217 841 ut
233 777 284 841 sui
299 777 432 860 quisque
446 777 600 844 territorii
613 778 766 861 paroeciis
781 779 951 863 diligenter
963 782 1122 866 invigilet.

70 880 116 945 Hi
130 880 253 943 Vicarii
266 879 403 944 Foranei
418 885 654 963 nuncupantur,
673 901 729 962 seu
743 879 864 945 Decani
879 881 1025 948 Rurales.

112 987 189 1053 179.
214 984 305 1047 Inter
315 988 447 1062 caetera,
460 1005 518 1067 pro
528 985 752 1068 jurisdictione
762 986 886 1051 diversa
900 987 981 1071 ipsis
995 987 1120 1066 collata,

10 1086 12 1135 ἶ
70 1108 150 1172 quae
167 1086 207 1150 ab
223 1085 352 1149 arbitrio
367 1085 520 1170 Episcopi
533 1087 664 1151 omnino
686 1088 815 1171 pendet,
833 1109 977 1173 quaeque
993 1090 1122 1154 extendi

10 1258 13 1287 Ι
69 1195 117 1258 vel
131 1192 286 1274 restringi
299 1213 357 1275 pro
372 1191 441 1274 ejus
456 1190 561 1254 lubitu
569 1197 686 1275 potest,
698 1193 897 1257 Vicariorum
905 1194 1121 1258 Foraneorum

10 1294 12 1299 ’
68 1296 139 1373 erit,
147 1292 304 1378 quasdam
313 1291 762 1377 dispensationes'concedere:
780 1315 799 1357 a
813 1295 939 1359 casibus
954 1296 1123 1360 reservatis

66 1397 229 1462 absolvere
242 1418 251 1473 ;
275 1395 441 1479 invigilare
457 1394 599 1458 moribus
615 1401 648 1458 et
663 1396 786 1460 actibus
798 1403 961 1481 pastorum
973 1399 1133 1483 aliorum-¹

63 1524 129 1588 que
155 1499 365 1576 sacerdotum,
389 1520 514 1562 necnon
538 1498 669 1562 illorum
694 1500 854 1583 juvenum
876 1503 931 1585 qui
954 1502 993 1565 ad
1016 1523 1123 1566 sacros

63 1606 198 1671 ordines
228 1602 449 1687 suscipiendos
479 1602 665 1685 adspirant;
703 1603 859 1689 Episcopi
894 1605 1046 1669 mandata
1083 1605 1123 1669 ad

59 1706 221 1772 territorii
237 1706 288 1769 sui
303 1704 481 1767 sacerdotes
496 1705 722 1781 transmittere,
738 1706 830 1769 enixe
856 1728 970 1771 navare
994 1729 1122 1793 operam

61 1816 103 1874 nt
119 1814 245 1874 statuta
266 1813 338 1871 tum
361 1808 548 1871 dioecesana
561 1812 632 1870 tum
657 1807 856 1891 Synodorum
879 1812 1122 1894 provincialium

60 1917 97 1976 et
112 1911 331 1996 plenariorum
345 1909 384 1973 ab
400 1908 550 1973 omnibus
573 1916 717 1973 accurate
740 1917 916 1988 serventur,
935 1918 966 1974 et
982 1919 1018 1974 ut
1035 1933 1121 1975 sacra

60 2016 179 2080 munia
208 2012 465 2099 presbyterorum
488 2033 561 2095 erga
583 2033 695 2096 greges
718 2012 779 2076 sibi
801 2015 937 2078 creditos
968 2015 1063 2098 digne
1090 2022 1122 2079 et

61 2116 204 2182 fideliter
226 2115 438 2198 impleantur3
471 2113 581 2178 sedulo
603 2119 635 2176 et
657 2115 837 2197 frequenter
859 2116 1018 2198 inquirere
1041 2137 1120 2179 num

61 2221 211 2285 absentia
226 2219 460 2302 negligentiave
471 2218 670 2282 sacerdotum
679 2218 791 2301 religio
803 2219 924 2301 aliquid
934 2220 1120 2285 detrimenti

62 2327 181 2410 capiat.

108 2429 184 2492 180.
209 2429 468 2508 Quandoounque
499 2424 614 2507 aliquis
649 2427 700 2488 sui
731 2427 883 2488 territorii
914 2426 1059 2490 sacerdos
1081 2429 1116 2492 in

60 2533 212 2599 morbum
227 2530 385 2607 inciderit,
402 2530 590 2614 praesertim
612 2551 684 2594 vero
707 2552 780 2593 cum
802 2531 915 2594 mortis
937 2531 1115 2613 periculum

60 2636 234 2700 imminere
255 2632 410 2709 videatur,
434 2631 580 2694 Vicarius
609 2631 773 2696 Focaneus
795 2653 869 2696 eum
891 2633 998 2696 visitet
1020 2639 1114 2718 atque

62 2759 193 2804 omnem
216 2738 251 2799 in
275 2734 496 2820 spiritualibus
519 2755 613 2818 opem
642 2736 770 2801 infirmo
792 2737 827 2799 in
856 2735 997 2801 Domino
1022 2736 1115 2798 fratri

59 2845 151 2909 ferat.
195 2841 308 2924 Neque
319 2840 478 2923 inquirere
493 2840 620 2902 omittat
631 2861 710 2903 num
724 2848 872 2924 aegrotus
880 2846 1112 2907 testamentum

60 2947 250 3022 condiderit,
264 2951 296 3008 et
307 2943 364 3008 ubi
377 2949 559 3026 reponatur.
599 2943 764 3007 Summam
774 2947 904 3028 insuper
913 2945 1109 3028 diligentiam

60 3053 213 3117 adhibeat
235 3072 276 3114 ne
298 3071 372 3114 vasa
395 3070 492 3126 sacra,
509 3047 582 3111 libri
598 3053 792 3111 statutorum
815 3054 870 3111 aut
892 3048 916 3111 ii
937 3049 972 3111 in
994 3047 1111 3131 quibus

59 3158 191 3221 nomina
205 3155 438 3237 baptizatorum
457 3158 491 3215 et
507 3153 710 3215 matrimonio
719 3154 907 3236 junctorum
922 3153 1110 3234 consignan-

58 3265 123 3336 tur,
141 3259 264 3341 aliaque
278 3255 464 3338 hujusmodi
479 3255 514 3316 in
529 3275 644 3318 manus
659 3255 793 3338 alicujus
806 3255 880 3318 laici
895 3255 1071 3318 deveniant.

104 3364 176 3425 181.
199 3361 319 3425 Vicarii
332 3359 468 3424 Foranei
481 3359 613 3441 insuper
628 3359 688 3421 erit
700 3359 865 3422 Ordinatio
881 3359 995 3422 saltem
1010 3359 1109 3422 semel

58 3467 94 3530 in
109 3486 193 3529 anno
209 3470 265 3527 aut
281 3463 418 3545 saepius,
436 3461 464 3524 si
480 3482 561 3545 opus
583 3462 690 3534 fuerit,
717 3461 905 3524 relationem
927 3461 1053 3524 mittere
1069 3461 1107 3524 de

59 3574 146 3633 statu
161 3566 326 3650 religionis
342 3571 373 3628 et
388 3565 427 3627 dc
442 3563 584 3627 moribus
600 3564 786 3628 clericorum
801 3563 836 3625 in
852 3584 910 3626 suo
927 3562 1091 3626 decanatu.

102 3672 177 3735 182.
203 3670 238 3732 Si
261 3689 333 3731 vero
360 3667 431 3751 quis
459 3666 610 3730 Sacerdos
648 3669 869 3730 auctoritatem
901 3668 1020 3731 Vicarii
1057 3673 1108 3733 sui

56 3773 194 3838 Foranei
230 3770 456 3853 contempserit
494 3770 600 3850 ejusve
638 3771 790 3851 spreverit
825 3771 957 3848 monita,
988 3793 1038 3834 res
1068 3773 1108 3836 ad

56 3878 253 3962 Episcopum
265 3874 315 3938 vel
326 3873 489 3936 Vicarium
501 3872 689 3935 Generalem
700 3872 868 3935 deferenda
879 3879 939 3950 est,
947 3880 983 3936 ut
994 3873 1108 3959 hujus-

55 3983 144 4048 modi
160 3979 307 4046 sacerdos
323 3978 478 4059 condigne
494 3976 669 4042 secundum
685 3997 820 4040 canones
835 3977 995 4061 puniatur.
