2572 4410
570 373 612 436 33

57 569 242 616 aerumnas.
289 545 361 611 Hoc
375 566 494 609 munus
511 544 695 611 Secretariis
706 548 913 612 commissum
923 553 984 624 est,
997 547 1113 631 quibus

56 661 167 718 tumen
183 650 375 735 significavit
394 650 500 713 Etrus
514 649 647 715 Praeses
662 657 699 714 ut
713 651 748 714 in
770 672 807 713 6ο
828 650 1018 733 perficiendo
1033 651 1113 715 alios

58 757 143 820 viros
170 753 351 837 synodales,
368 758 405 816 ut
427 757 641 834 opportunum
665 753 835 830 videretur,
857 751 919 818 sibi
943 751 1113 836 adjungere

59 858 180 922 liceret.

101 960 231 1025 Deinde
245 958 414 1042 proposuit
427 957 533 1020 Effius
546 978 675 1040 praeses
690 965 728 1022 ut
738 959 956 1023 nominaretur
967 957 1113 1041 specialis

61 1063 264 1148 congregatio
278 1068 427 1125 constans
442 1082 481 1123 ex
496 1066 630 1144 quatuor
646 1059 901 1143 Arohiepiscopis
917 1067 948 1124 et
970 1080 1044 1122 cum
1066 1061 1113 1123 eis
1165 1142 1168 1148 Ι

10 1164 14 1275 j
62 1173 199 1250 quatuor
221 1165 318 1228 etiam
341 1162 511 1245 Episcopis
534 1184 553 1225 a
574 1161 725 1227 Patribus
740 1162 905 1246 eligendis,
921 1160 1013 1245 cujus
1028 1168 1113 1226 esset

10 1278 13 1351 l
61 1289 181 1332 munus
195 1266 403 1350 particulares
425 1266 657 1349 Episcoporum
679 1273 713 1331 et
735 1266 967 1349 Theologorum
982 1265 1114 1348 deputa·

10 1382 13 1471 l
60 1373 166 1440 tiones
182 1369 386 1434 constituere.
432 1367 524 1448 Quod
538 1390 611 1432 cum
627 1367 777 1433 Patribus
791 1369 911 1452 placuit
926 1367 1112 1431 secretarius

10 1474 12 1497 '
60 1473 213 1557 suffragia
228 1472 356 1555 collegit
371 1471 560 1555 singillatim
574 1490 632 1552 pro
656 1471 792 1555 singulis
806 1471 987 1553 Episcopis.
1003 1468 1112 1532 Primo

57 1575 173 1640 habito
194 1575 349 1639 scrutinio
364 1573 484 1637 electus
499 1579 548 1636 est
563 1573 742 1656 Episcopus
757 1574 975 1656 Gorcagiensis
989 1596 997 1650 ;
1014 1572 1113 1635 altero

56 1677 177 1742 deinde
204 1677 358 1740 scrutinio
381 1676 473 1752 facto,
490 1676 610 1739 electus
632 1681 681 1740 est
702 1677 883 1759 Episcopus
907 1673 1111 1750 Galviensis;

54 1782 154 1847 tertio
178 1784 286 1842 autem
316 1779 480 1854 scrutinio,
509 1779 689 1861 Episcopus
723 1778 968 1862 Glogherensis:
1001 1783 1112 1860 quarto
1172 1774 1178 1787 '

55 1883 192 1946 demum
218 1881 398 1963 Episcopus
420 1878 628 1944 Ossoriensis.
674 1882 839 1945 Electione
864 1885 1057 1963 peractores
1078 1879 1113 1941 in

56 1984 199 2068 singulis
215 1982 472 2066 deputationibus
486 1985 667 2048 tractandas
685 1984 888 2067 assignarunt
904 1981 1048 2045 Patresi

101 2087 144 2149 In
164 2087 196 2148 Ι·
210 2084 424 2168 Deputatione
433 2087 634 2151 tractandum
645 2105 715 2149 esse
726 2084 963 2159 statueumt‚de
975 2081 1065 2158 Fide,
1074 2083 1113 2145 de

55 2187 155 2252 Fidei
169 2187 371 2251 Professione
386 2188 569 2264 emittenda,
580 2195 612 2252 et
624 2189 663 2251 de
672 2187 764 2250 Fidei
779 2186 934 2249 Periculis
945 2185 1111 2248 evitandis.

100 2291 145 2354 In
164 2290 214 2354 Π·
239 2288 466 2373 Deputatione,
482 2291 521 2353 de
538 2290 760 2355 Sacramentis.

101 2393 234 2456 111ΙΠει
259 2391 484 2476 Deputatione,
510 2394 549 2456 de
574 2395 640 2457 vita
660 2399 692 2456 et
717 2392 884 2456 honestate
907 2391 1110 2467 Clericorum,

59 2517 183 2559 necnon
199 2496 238 2559 de
253 2495 403 2558 Parochis
418 2497 504 2559 etde
519 2494 734 2559 Paroohorum
748 2493 894 2559 Vicariis.

101 2598 146 2661 In
165 2599 227 2661 IVa
253 2597 477 2681 Deputatione,
494 2599 533 2662 (16
557 2598 692 2676 Scholis,
709 2599 748 2661 de
763 2598 914 2681 Collegiis
930 2598 1015 2661 etde
1031 2597 1111 2660 Uni·

59 2700 211 2765 versitate
227 2700 392 2764 cathoiica.
432 2738 436 2744 ·

102 2803 144 2865 In
164 2801 207 2869 V⁸
234 2801 458 2886 Deputatione,
484 2803 523 2866 de
549 2801 754 2881 Monialibus,
782 2809 814 2867 et
840 2803 879 2866 de
904 2801 1112 2866 relationibus

60 2905 222 2989 regulares
236 2906 321 2968 inter
336 2913 367 2968 et
384 2906 511 2970 Cleium
527 2906 711 2969 secularem.

103 3008 144 3071 In
163 3007 226 3071 VP
251 3006 475 3092 Deputatione,
503 3009 542 3071 de
564 3008 733 3093 Episcopis
757 3013 789 3072 et
817 3008 856 3071 de
886 3004 1112 3071 Tribunalibus

61 3109 307 3192 Ecclesiasticis.

102 3213 198 3276 Hanc
212 3212 361 3276 ultimam
375 3212 626 3296 Deputationem
641 3235 679 3278 ex
694 3214 771 3277 solis
785 3214 955 3296 Episcopis
967 3220 1112 3278 constare

10 3362 12 3367 -
61 3313 173 3379 debere
187 3316 348 3391 communi
363 3337 521 3381 consensu
535 3318 746 3380 constitutum
760 3320 819 3379 est.

101 3415 167 3481 His
186 3419 323 3500 peractis
336 3419 464 3502 regulae
487 3419 641 3503 quaedam
663 3425 800 3482 statutae
830 3424 905 3481 sunt
928 3418 966 3481 de
989 3418 1113 3481 ratione

10 3514 13 3575 l
61 3519 249 3603 procedendi
263 3521 298 3583 in
315 3520 620 3606 Congregationibus
645 3520 865 3597 Generah'bus,
882 3522 916 3583 in
933 3517 1111 3604 Congrege-

61 3622 203 3686 tionibus
225 3623 461 3707 Episcoporum
482 3625 624 3708 privatis,
641 3631 673 3688 et
685 3624 721 3686 'rn
739 3622 982 3707 particularibus
1005 3621 1111 3706 Depu-

61 3725 246 3789 tationibus.

10 3826 13 3945 j
103 3825 182 3891 Post
196 3828 285 3908 haec,
299 3829 384 3894 dicta
398 3829 583 3915 Antiphone
598 3831 719 3896 Sancto
733 3829 845 3894 Morio
861 3849 970 3892 omnes
985 3829 1111 3892 dimissi

10 3948 12 3953 ·
62 3935 148 3994 sunt.

1011 4035 1031 4076 c
