2572 4410
697 346 740 410 58

195 533 333 611 accepta,
359 526 476 591 litteris
496 526 579 591 datis
605 527 657 591 die
683 528 821 592 secunda
846 527 927 592 Julii
955 529 1098 611 proxime
1128 529 1243 613 elapsi,

193 631 444 708 convocavimus,
460 631 495 693 in
516 630 602 694 diem
614 631 655 698 17
671 631 823 714 Augusti,
839 637 872 694 et
883 637 993 715 postea
1004 632 1039 694 in
1053 632 1141 695 hune
1155 633 1244 696 diem

190 733 428 816 prorogavimus
440 756 449 811 3
473 754 554 816 quae
568 732 694 796 concilii
707 733 868 797 inchoatio
887 724 965 796 lelix
981 735 1024 797 sit
1038 755 1074 797 ac
1087 735 1195 798 fausta
1210 741 1244 799 et

190 837 226 899 in
248 837 411 921 religionis
432 837 664 901 incrementum
679 842 711 900 et
732 839 885 922 majorem
906 838 968 901 Dei
990 838 1124 922 gloriam
1145 839 1241 903 bene·

189 947 299 1005 vertat

556 1620 600 1665 DE
622 1620 711 1666 MODO
732 1620 878 1666 mum.

232 1774 316 1838 (lum
331 1795 425 1838 omne
440 1775 550 1839 datum
565 1776 725 1860 optimum
746 1782 780 1839 et
801 1794 896 1838 omne
918 1774 1039 1838 donum
1060 1777 1240 1857 perfeetum

187 1875 356 1940 desursum
380 1879 424 1941 sit
444 1877 641 1941 descendens
656 1899 675 1940 a
688 1877 783 1940 Patre
804 1876 978 1952 luminum,
1003 1897 1151 1960 cumque,
1176 1878 1241 1942 nisi

187 1978 347 2042 Dominus
361 1979 548 2043 custodierit
560 1980 732 2055 civitatem,
748 1980 867 2041 frustra
887 1978 997 2060 vigilet
1018 1979 1074 2061 qui
1098 1979 1241 2042 custodit

186 2101 267 2158 eam,
293 2082 438 2164 Synodus
459 2082 537 2147 haec
547 2083 688 2165 plenaria
710 2079 820 2144 fideles
841 2100 954 2145 omnes
975 2081 1142 2164 praecipue
1163 2103 1240 2146 vero

184 2183 362 2268 Episcopos
391 2190 423 2249 et
453 2185 637 2251 Sacerdotes
665 2189 774 2249 monet
802 2189 835 2261 et
862 2182 1007 2248 hortatur
1043 2189 1079 2245 ut
1107 2183 1239 2248 assidue

186 2290 326 2355 divinam
340 2293 512 2376 implorent
526 2314 630 2377 opem,
647 2299 679 2356 et
694 2293 763 2356 sine
785 2293 1022 2355 intermissione
1044 2313 1153 2377 preces
1167 2293 1238 2358 Deo

185 2392 363 2470 effundant,
394 2401 543 2476 rogantes
579 2401 617 2458 ut
650 2395 839 2478 sapientiam
877 2395 1073 2457 assistricem
1110 2395 1238 2458 sedium

186 2512 317 2557 suarum
332 2495 372 2557 de
386 2496 473 2559 coelo
488 2497 607 2576 mittat,
624 2503 660 2559 ut
673 2496 824 2559 Patribus
838 2495 937 2580 hujus
952 2496 1078 2559 concilii
1089 2496 1187 2573 adsit,
1205 2503 1239 2561 et

184 2615 258 2660 cum
272 2598 353 2680 ipsis
366 2597 499 2662 laboret.
543 2601 664 2663 Omnes
678 2621 770 2684 porro
785 2601 841 2682 qui
863 2600 995 2663 concilio
1017 2601 1179 2663 intersunt
1201 2602 1237 2664 in

185 2699 427 2764 meditationem
442 2701 621 2765 divinarum
634 2723 742 2766 rerum
758 2702 869 2766 sedulo
882 2701 1089 2779 incumbant3
1113 2703 1237 2767 Missae

184 2804 376 2874 sacrificium
387 2802 438 2867 vel
448 2805 589 2888 quotidie
600 2805 759 2869 celebrent
767 2806 818 2869 vel
828 2805 931 2868 eidem
943 2805 1053 2868 devote
1064 2805 1234 2883 assistant3

184 2909 299 2972 Preces
329 2909 483 2971 Horarias
512 2909 623 2973 Divini
652 2910 755 2973 Officii
785 2909 880 2994 digne
909 2914 1030 2972 attente
1059 2930 1094 2971 ac
1123 2909 1236 2974 devote

185 3013 336 3077 studeant
366 3014 497 3077 recitare
509 3037 518 3091 ;
550 3020 583 3078 et
611 3014 727 3078 iisdem
753 3016 782 3077 si
810 3015 846 3077 in
875 3014 1020 3077 Ecclesia
1049 3014 1237 3080 solemniter

168 3117 393 3192 celebrentur,
410 3119 581 3183 intersint:
606 3140 643 3182 ea
665 3118 795 3182 demum
817 3119 934 3194 omnia,
948 3138 1028 3200 quae
1051 3118 1090 3181 de
1111 3119 1235 3183 ratione

183 3218 311 3286 vivendi
332 3219 402 3301 jam
425 3241 444 3281 a
472 3221 677 3285 Sacrosancta
705 3220 893 3284 Tridentino
909 3219 1036 3309 Synodo
1051 3227 1125 3284 tam
1140 3221 1235 3304 plene

183 3331 260 3391 sunt
274 3322 401 3398 tradita,
418 3329 450 3386 et
463 3344 539 3406 prae
552 3331 660 3388 mente
674 3324 812 3389 habeant
834 3330 867 3388 et
888 3324 1068 3388 executioni
1082 3325 1235 3388 mandare

182 3432 306 3497 curent.
364 3424 447 3488 eum
473 3433 581 3490 autem
605 3428 642 3490 in
674 3447 748 3490 eum
781 3427 880 3490 finem
904 3425 982 3488 haec
1013 3425 1161 3507 Synodus
1192 3427 1235 3489 sit

181 3537 371 3616 congregata
381 3536 420 3593 ut
430 3538 650 3612 promoveatur
657 3532 720 3595 Dei
729 3532 831 3596 honor
840 3537 936 3615 atque
947 3530 1058 3615 gloria,
1070 3531 1235 3596 Ecclesiae

181 3633 279 3698 decus
308 3638 472 3717 augeatur,
502 3639 597 3716 atque
632 3634 799 3698 concordia
835 3633 1038 3697 sacerdotalis
1075 3634 1233 3712 firmetur,

182 3740 290 3802 omnia
305 3738 414 3801 sedulo
438 3743 514 3800 sunt
536 3738 683 3802 evitanda
704 3759 784 3821 quae
807 3737 848 3800 ad
870 3739 993 3801 animos
1016 3739 1232 3816 concitandos,

181 3846 239 3902 aut
253 3841 293 3903 ad
307 3840 472 3904 charitatis
486 3839 650 3904 vinculum
664 3840 847 3904 violandum
861 3840 1006 3903 tendant.
1051 3840 1092 3902 In
1104 3848 1233 3905 senten·

181 3944 238 4007 tiis
252 3945 360 4028 itaque
375 3926 525 4022 dicendis,
540 3965 655 4029 magna
676 3944 844 4011 verborum
865 3935 1040 4007 moderatio
1054 3941 1234 4010 adhibenda
