2572 4410
607 294 674 359 132

157 469 233 534 290.
256 468 357 532 Valde
371 467 586 551 periculosum
601 488 672 530 csse
687 487 855 531 censemus
869 466 978 549 pueris
994 466 1170 530 Catholicis

114 572 240 637 scholas
253 573 350 648 adira,
367 572 483 656 quibus
499 573 560 636 soli
575 571 753 635 Acatholici
774 576 946 653 praesunt3
970 575 1002 634 et
1017 571 1170 635 statibus

114 675 232 739 scholis
247 675 396 738 Pastores
412 676 463 738 sui
478 675 584 757 gregia
592 675 726 756 juvenes
741 678 899 736 avertant..

157 778 232 841 291.
256 776 447 852 statuimus,
484 784 523 840 ut
559 776 713 858 Episcopi
742 776 915 858 quotannis
949 774 984 836 in
1010 781 1172 838 conventu

115 899 174 944 suo
197 900 305 943 annuo
327 879 568 962 deputationem
583 884 824 961 permanentem
839 877 1047 952 constituant,
1065 876 1106 939 ad
1120 877 1170 939 in-

113 981 311 1063 vigilandum
340 1001 436 1063 super
457 985 563 1044 totum
588 979 676 1042 istud
699 979 738 1041 de
760 979 941 1062 juventutis
963 977 1172 1041 institutione

113 1084 290 1167 negotium,
308 1090 339 1147 et
361 1084 401 1147 ad
412 1085 486 1166 jura
501 1090 534 1146 et
552 1084 731 1167 profectum
745 1083 956 1149 Educationis
973 1081 1170 1171 Catholicae,

114 1193 186 1251 tum
201 1188 236 1251 in
251 1187 479 1264 Panliamento,
496 1193 566 1250 tum
581 1185 669 1264 alibi,
681 1186 802 1270 jugiten
815 1185 1079 1269 promovendum.

571 1647 712 1711 XXXII.

432 1800 476 1845 Du
500 1800 632 1847 senous
655 1802 849 1849 Monumtm.

158 1930 207 1994 Dc
224 1929 359 2006 Scholis,
377 1950 457 2013 quae
473 1929 534 1992 sub
549 1950 624 1993 cura
638 1931 828 1995 monialium
848 1937 935 2010 sunt,
952 1931 1031 1995 haec
1054 1931 1169 1995 statui·

114 2054 201 2097 mus.

157 2137 230 2202 292.
250 2135 349 2199 Nulla
371 2156 410 2198 ex
424 2135 608 2199 istiusmodi
624 2135 741 2199 scholis
757 2157 831 2199 cum
847 2137 990 2200 Concilio
1012 2137 1170 2219 Supremo

115 2239 252 2322 (Boord)
276 2238 489 2301 Educationis
512 2238 692 2302 Nationalis
714 2240 748 2302 in
770 2246 934 2323 posterum
950 2246 1170 2317 connectatur,

114 2344 180 2407 nisi
194 2365 268 2406 cum
283 2364 432 2425 expressa
448 2343 608 2405 Ordinarii
622 2344 761 2406 licentia.

156 2447 231 2510 293.
255 2445 368 2519 Nemo,
387 2445 452 2506 sive
468 2465 507 2506 ex
522 2445 727 2520 Monialibus,
742 2447 808 2509 sive
823 2468 863 2508 ex
876 2447 1017 2523 novitiis,
1034 2446 1074 2510 ad
1098 2469 1171 2510 exa·

113 2567 189 2610 men
204 2568 309 2609 coram
322 2546 509 2609 officialibus
532 2547 833 2611 Commissariorum
850 2570 919 2612 sese
934 2554 1132 2631 praesentet.

155 2648 231 2712 294.
255 2647 412 2710 Moniales
428 2668 485 2710 nec
508 2650 690 2731 quampiam
706 2650 746 2712 ad
761 2650 901 2733 aliquam
918 2650 1065 2714 Scholam
1082 2651 1167 2714 Nor·

113 2751 230 2814 malem
252 2751 385 2812 mittant
411 2750 451 2812 ad
479 2757 581 2814 artem
602 2750 846 2835 paedagogioam
873 2753 1096 2816 addiscendam
1120 2753 1173 2816 vel

114 2853 155 2916 ad
169 2873 289 2915 munus
305 2851 438 2915 docendi
461 2853 692 2932 exercendum
717 2875 775 2917 nec
799 2855 974 2918 scholarem
996 2855 1173 2937 quamlibet

112 2958 188 3022 talis
204 2957 330 3021 scholae
345 2957 385 3020 ad
407 2958 546 3020 officium
562 2959 596 3020 in
613 2966 771 3022 conventu
786 2967 909 3037 vocent,
926 2982 1030 3044 neque
1045 2961 1172 3023 litteras

113 3060 389 3124 commendatitias
404 3060 468 3143 ipsi
482 3060 620 3137 tradant,
637 3081 741 3144 nequo
756 3063 791 3124 in
807 3065 1072 3126 communitatem
1083 3064 1171 3126 inter

112 3166 260 3242 novitias,
278 3165 347 3228 sine
362 3185 510 3246 expressa
524 3164 684 3227 Ordinarii
697 3165 837 3242 licentia,
855 3167 1038 3230 admittant.

156 3267 232 3331 295.
258 3265 406 3330 Subsidia
428 3265 469 3328 ad
490 3266 633 3328 aedificia
655 3267 804 3349 erigenda
819 3289 838 3330 a
853 3268 1091 3331 commissariis
1105 3288 1173 3330 non

112 3372 279 3454 accipiant,
310 3370 375 3433 nisi
413 3369 472 3433 sub
503 3369 740 3435 conditionibus
769 3393 788 3434 a
818 3378 910 3436 coetu
936 3372 1172 3456 Episcoporum

113 3455 306 3555 appiobatis.
525 3541 534 3567 ⁶

157 3576 232 3640 296.
262 3576 384 3639 (iurent
415 3574 536 3658 singuli
557 3574 710 3658 Episcopi
747 3578 781 3639 in
811 3580 948 3663 propriis
971 3579 1172 3643 dioecesibus

114 3677 219 3739 media
234 3677 393 3754 adhibere,
412 3697 492 3760 quae
507 3678 730 3760 unusquisque
740 3681 844 3763 magis
857 3687 1040 3764 opportuna
1049 3682 1174 3764 judica·

4 3802 7 3807 ·
114 3778 205 3852 verit,
230 3785 267 3841 ut
293 3780 327 3842 in
358 3780 426 3842 dies
454 3779 720 3843 sanctimoniales
746 3782 879 3846 docendi
906 3792 1007 3847 artem
1029 3784 1174 3867 apprime

117 3881 264 3944 calleant.
