2572 4410
574 347 617 414 89

67 539 206 599 caeteras
219 534 350 618 quasvis
365 533 538 618 abrogavit,
550 534 596 597 ita
610 540 648 598 ut
662 555 702 597 ex
717 534 958 620 quibuscunque
970 538 1114 602 censuris

68 640 133 703 sive
147 639 495 714 excommunicationis,
513 640 579 702 sive
602 641 833 722 suspensionis,
851 642 917 705 sive
939 643 1111 722 interdicti,

69 762 147 824 quae
161 762 220 825 per
234 741 366 806 modum
380 740 463 804 latae
479 742 665 818 sententiae,
677 743 809 826 ipsoque
818 744 900 807 facto
911 745 1117 810 incurrendae

68 847 223 911 hactenus
250 847 386 911 Romani
415 846 580 910 Pontificis
610 848 796 911 auctoritate
824 849 992 931 impositae
1014 856 1115 927 erant,

69 951 197 1016 nonnisi
219 950 293 1014 illae
315 971 395 1034 quae
419 951 455 1013 in
480 949 539 1014 hac
565 951 634 1033 ipsa
658 951 894 1016 Constitutione
919 954 1115 1029 inseruntur,

69 1072 166 1138 eoque
180 1055 276 1118 modo
290 1074 352 1137 quo
381 1055 575 1130 inseruntur,
591 1055 686 1119 robur
701 1057 814 1120 exinde
824 1057 985 1121 haberent.
1031 1059 1116 1136 (Vid.

70 1161 205 1225 Ooaetit.
223 1159 423 1240 apostolicae
438 1159 541 1234 Sedis,
558 1159 717 1238 Prooem.)
765 1161 852 1238 Quae
877 1162 975 1245 igitur
990 1163 1116 1227 Consti·

66 1264 148 1327 tutio
164 1268 203 1325 ut
224 1262 311 1344 typis
332 1282 396 1324 una
418 1281 491 1324 cum
512 1260 603 1324 Actis
624 1267 657 1325 et
680 1262 823 1327 Decretis
851 1264 969 1345 Synodi
990 1271 1117 1330 nostrae

10 1350 12 1357 ¹
63 1368 225 1443 ederetur,
254 1366 289 1428 in
317 1364 416 1448 hujus
451 1365 623 1429 voluminis
658 1366 840 1449 Appendioe
875 1369 1052 1446 inserenda,
1080 1377 1117 1434 ut

62 1465 172 1529 clerus
198 1474 308 1532 noster
333 1475 515 1533 accuratum
547 1470 682 1533 istarum
708 1492 913 1536 censurarum
948 1473 1117 1537 elenchum

59 1589 140 1651 prae
164 1570 265 1634 oculis
285 1571 410 1647 babeat,
437 1592 557 1647 curare,
578 1573 681 1635 nostri
706 1575 849 1638 muneris
869 1595 939 1638 esse
961 1576 1115 1657 judicari-

60 1669 171 1736 mus.¹

108 1781 165 1845 98.
188 1780 340 1865 Episcopi
354 1783 508 1865 cujusque
522 1802 598 1844 cura
612 1783 673 1844 erit
686 1789 724 1847 nt
744 1784 928 1849 conficiatur
943 1792 1038 1868 atque
1050 1786 1114 1848 sin-

58 1888 154 1970 gulis
177 1889 393 1954 sacerdotibus
415 1889 456 1952 ad
477 1889 691 1952 confessiones
712 1889 747 1951 in
770 1909 827 1952 sua
849 1889 984 1953 dioecesi
999 1891 1115 1972 excipi-

59 1993 166 2056 endas
181 1994 360 2077 approbatis
375 1993 518 2057 tradatur
530 1993 640 2057 tabula
654 1994 688 2055 in
703 2014 765 2076 qua
780 1994 888 2057 omnia
903 1999 1058 2076 quotquot
1079 1995 1114 2057 in

60 2095 205 2159 dioecesi
219 2102 421 2160 reservantur
434 2101 572 2178 peccata,
589 2096 655 2159 sive
671 2094 789 2177 absque
803 2115 937 2158 censura
952 2096 1017 2158 sive
1039 2116 1113 2159 oum

63 2217 202 2260 censura
216 2199 258 2261 iis
273 2219 405 2273 annexa,
422 2203 566 2261 accurate
581 2217 615 2259 ao
631 2196 732 2259 nitide
745 2200 978 2260 recenseantur.
1025 2197 1114 2273 Quae

56 2298 197 2382 'quidem
217 2300 327 2363 tabula
349 2319 505 2363 unacum
527 2298 677 2360 facultate
699 2296 914 2359 confessiones
937 2297 1114 2380 excipiendi

64 2403 205 2485 singulis
219 2404 316 2466 etiam
332 2402 549 2467 sacerdotibus
571 2402 605 2465 in
628 2406 792 2483 posterum
815 2401 1027 2483 approbandis
1048 2407 1111 2466 tra·

64 2506 171 2571 datur.

546 2928 635 2992 XVI.

383 3093 427 3136 DE
449 3092 602 3136 EXTREMA
623 3091 796 3138 cremona.

110 3242 165 3305 99.
198 3240 372 3304 Extremae
401 3241 572 3307 Unctionis
604 3240 853 3318 Sacramentum,
891 3243 926 3305 in
964 3242 1113 3306 solatium

64 3347 270 3426 aegrotorum
284 3363 303 3404 a
318 3343 456 3406 Domino
471 3344 670 3420 institutum,
693 3364 758 3407 non
781 3345 905 3407 animae
929 3345 1033 3408 solum
1058 3340 1115 3404 sed

63 3446 164 3508 etiam
186 3445 308 3527 corpori
329 3444 492 3509 interdum
515 3446 662 3521 salutare,
683 3447 773 3509 omni
795 3446 961 3529 diligentia
984 3444 1115 3509 cuilibet

65 3548 232 3613 Catholico
262 3549 349 3631 gravi
377 3549 487 3613 morbo
515 3549 708 3631 periclitanti
737 3550 1027 3619 administrandum
1052 3554 1112 3612 est.

64 3652 160 3730 Quod
175 3653 204 3716 si
219 3652 340 3716 infirmi
353 3659 427 3734 post
450 3659 632 3735 susceptam
654 3653 737 3718 hano
762 3655 945 3717 unctionem
968 3653 1113 3717 convalu-

60 3758 168 3821 erint:
192 3756 311 3819 iterum
340 3755 439 3838 hujus
461 3758 649 3821 sacramenti
669 3758 812 3821 subsidio
829 3758 934 3839 juvari
953 3762 1105 3841 poterunt

60 3879 139 3924 cnm
153 3859 189 3922 in
204 3858 293 3922 aliud
302 3858 409 3923 simile
422 3860 505 3924 vitae
520 3860 690 3923 discrimen
706 3860 886 3924 inciderint.
953 3851 955 3856 ’

396 3971 478 4025 19110
488 3974 606 4038 Append.
616 3976 648 4025 X.
659 3989 717 4039 pag.
729 3974 785 4024 251.

1007 4067 1029 4113 G
