2572 4410
610 314 673 380 129

583 481 721 544 XXXL.

144 678 148 685 Ι
407 620 452 666 nn
476 619 611 666 senous
633 618 879 665 narlonlnraus.

163 720 238 785 282.
262 720 459 784 Prudentem
492 721 608 802 agendi
638 721 768 783 modum
791 742 810 783 a
837 719 871 782 S.
901 708 981 783 Sede
1012 726 1172 786 servatum

125 829 264 906 respectu
281 825 465 905 systematis
479 822 660 886 Nationalis
671 821 896 898 Educationis,
911 842 991 904 quae
1017 822 1173 885 abstinuit

124 927 275 1011 ejudicio
299 946 447 1010 superea
461 949 495 990 re
511 927 672 990 definitive
685 925 883 1009 proferendo,
901 932 934 988 et
956 946 974 989 a
996 925 1089 988 nobis
1111 926 1171 987 im·

124 1031 371 1114 praesentiarum
387 1031 577 1094 servandum
587 1051 657 1093 esse
673 1026 890 1093 arbitramur.¹
906 1029 1058 1092 Attamen
1070 1029 1174 1092 nostri

64 1130 68 1175 ’-
124 1136 261 1198 muneris
295 1156 366 1198 esse
396 1135 556 1212 ducimus,
587 1136 705 1197 iterum
742 1155 816 1197 cum
847 1134 990 1198 Concilio
1024 1133 1171 1196 Plenario

64 1272 66 1325 3
124 1238 339 1302 Ihurlesiensi
363 1238 539 1316 declarare,
568 1243 745 1321 separatam
777 1237 958 1301 Catholicae
989 1238 1170 1320 juventutis

64 1364 67 1421 ;
122 1343 338 1406 educationem
353 1363 423 1405 esse
434 1341 616 1406 omnimode
629 1342 658 1404 ei
673 1341 941 1424 anteponendam.
985 1343 1075 1405 Haec
1085 1342 1172 1404 enim

64 1428 66 1453 ⁵
120 1444 183 1507 sola
193 1444 323 1527 juribus
338 1444 483 1527 votisque
507 1444 618 1527 populi
632 1444 736 1506 nostri
750 1443 843 1527 plene
860 1444 1039 1506 satisfacere
1055 1449 1171 1527 potest.

119 1547 210 1625 Quod
224 1548 355 1631 quidem
367 1554 464 1630 patet,
476 1553 547 1610 tum
563 1569 605 1610 ex*
615 1548 739 1637 iteratis
752 1547 1017 1611 declarationibus
1033 1548 1172 1611 Catholi-

117 1670 226 1714 corum
253 1657 393 1733 systema
419 1651 560 1713 mixtum
585 1672 678 1734 saepe
705 1651 832 1734 saepius
865 1651 1114 1734 reprobantium,
1140 1657 1173 1714 et

116 1755 338 1817 educationem
372 1754 555 1837 religiosam
580 1775 637 1836 pro
666 1754 776 1818 liberis
803 1755 872 1818 suis
903 1755 1171 1838 efflagitantium:

115 1861 187 1919 tum
211 1856 308 1919 etiam
323 1877 363 1918 ex
378 1857 493 1939 agendi
509 1857 632 1918 ratione
654 1877 775 1934 eorum,
793 1858 849 1939 qui
872 1857 1017 1940 quamvis
1034 1858 1171 1920 summis

114 1961 265 2024 laudibus
283 1967 422 2042 systema
442 1981 528 2023 mere
554 1960 712 2024 saeculare
728 1960 893 2037 extollant,
910 1967 1018 2022 tamen
1039 1961 1073 2022 in
1099 1961 1172 2023 seli-

114 2062 230 2144 gendis
246 2060 364 2124 scholis
379 2061 419 2124 ad
436 2082 514 2144 quas
529 2062 645 2124 liberos
662 2083 738 2125 suos
754 2063 898 2138 mittent,
915 2063 980 2124 fere
996 2082 1122 2144 semper
1137 2069 1169 2125 et

115 2166 234 2249 u'bique
250 2165 427 2228 academias
443 2173 614 2249 separatas,
630 2166 751 2229 relictis
767 2147 890 2241 mixtis,
908 2153 1044 2248 eligunt.

160 2269 236 2330 283.
261 2267 419 2342 Quoniam
441 2273 550 2330 autem
573 2267 610 2330 de
627 2268 709 2330 facto
726 2273 866 2350 systema
888 2267 1107 2344 Educationis,
1124 2268 1173 2330 uti

89 2370 100 2382 ’
117 2377 243 2446 vocant,
261 2371 573 2448 denominationalc'e,
590 2372 694 2434 adhuc
709 2371 802 2434 nobis
821 2393 839 2433 a
855 2371 1019 2435 Gubernio
1042 2372 1171 2434 Britan·

114 2473 189 2536 nico
215 2472 401 2556 denegatur,
415 2479 447 2536 et
471 2474 601 2536 nonnisi
618 2472 780 2536 mediante
807 2480 978 2554 systemate
993 2474 1173 2536 Nationalis

116 2576 331 2639 Educationis
353 2577 524 2660 participes
554 2599 623 2640 esse
650 2599 823 2660 possumus
857 2576 1042 2640 reddituum
1068 2579 1172 2662 publi-

115 2699 238 2755 corum,
253 2678 308 2760 qui
320 2679 526 2759 assignantur
535 2678 726 2756 educationi,
741 2680 829 2742 omni
841 2679 1097 2742 curacavendum
1111 2687 1171 2758 est,

114 2803 158 2846 ne
173 2803 213 2844 ex
238 2782 471 2845 mutationibus
487 2783 522 2845 in
543 2782 637 2846 modo
662 2783 1081 2865 remunerandi'magistros
1107 2786 1173 2849 sive

115 2907 157 2949 ex
171 2886 233 2948 alio
245 2906 432 2969 quocunque
449 2886 549 2968 capite
562 2888 644 2970 jura,
662 2887 778 2970 quibus
793 2887 896 2949 adhuc
912 2889 1051 2969 gaudent
1066 2890 1172 2952 catho-

83 3064 85 3068 .
114 2988 171 3073 lici
187 2989 369 3052 scholarum
388 2989 603 3052 moderatores
622 2989 945 3072 (school-manopera),
962 2992 1172 3073 impetantur:

116 3091 147 3155 si
176 3092 264 3154 enim
293 3091 327 3154 id
349 3092 451 3168 fieret,
475 3092 567 3155 facile
591 3087 717 3155 evenire
750 3098 871 3174 posset,
900 3098 937 3155 ut
951 3093 1069 3175 injuria
1091 3094 1173 3157 facta

117 3196 329 3258 sacrosanctis
350 3195 528 3278 Religionis
549 3202 675 3259 nostrae
701 3197 877 3279 principiis,
905 3204 1044 3276 systema
1066 3198 1173 3279 ipsum

115 3297 288 3361 Nationale
303 3298 350 3360 ita
365 3299 580 3380 periculosum
601 3299 756 3376 evaderet,
774 3306 891 3361 utnon
907 3299 1046 3381 amplius
1061 3299 1173 3361 Eccle-

116 3401 183 3464 siae
197 3399 385 3463 Pastoribus
402 3406 487 3463 esset
501 3401 715 3463 tolerandum.

161 3505 235 3567 284.
260 3503 350 3566 Haec
362 3510 469 3566 autem
485 3510 561 3566 sunt
573 3526 653 3587 quae
669 3503 838 3567 statuenda
849 3504 1008 3579 ducimus,
1026 3509 1172 3587 utquam

117 3606 252 3669 minime
267 3605 483 3688 periculosum
498 3606 579 3668 illud
603 3612 743 3689 systema
763 3606 975 3669 Educationis
990 3606 1172 3672 Nationalis

115 3707 285 3772 reddatur:
311 3706 432 3770 scilicet
444 3731 498 3770 :—
764 3695 767 3701 ⁴

163 3811 194 3873 1ο
214 3809 317 3885 Libri,
343 3809 398 3892 qui
421 3811 553 3873 noxium
581 3797 703 3893 aliquid
726 3809 791 3873 sive
817 3808 967 3873 adversus
1002 3809 1170 3874 Sacrorum

414 3924 499 3976 lVide
510 3928 625 3990 Append.
637 3927 738 3976 XXIII.
750 3942 807 3990 pag,
821 3928 876 3978 329.
