2572 4410
572 337 614 405 3⁷

107 509 258 594 Denique
283 509 368 574 diota
392 508 578 593 Antiphone
600 509 720 574 Sancto
741 509 852 573 Mario
881 507 978 576 finem
1004 511 1117 582 habuit

67 615 290 698 congregatio.
589 621 593 626 ’

106 717 236 780 Eadem
261 717 312 780 die
335 716 413 780 hora
437 714 574 781 secunda
599 735 672 779 cum
701 713 832 779 dimidio
855 724 928 799 post
953 720 1116 785 meridiem

65 817 171 883 habiti
187 825 265 884 sunt
278 825 452 884 conventus
466 818 729 902 Deputationum.

297 1187 361 1250 Die
380 1185 491 1250 Tertia
505 1185 695 1266 Septembris
710 1186 808 1250 Foris
826 1188 884 1253 VI.

105 1321 194 1385 Ante
209 1319 475 1385 men'diem‘hora
497 1319 618 1384 decima
640 1341 713 1383 cum
728 1320 871 1398 dimidio,
888 1328 1008 1406 etpost
1022 1328 1115 1390 meti-

62 1425 148 1488 diem
164 1424 245 1487 hora
260 1424 397 1488 secunda
411 1445 485 1488 cum
499 1422 643 1499 dimidio,
655 1420 759 1493 habiti
774 1431 851 1488 sunt
861 1425 1114 1509 Deputationum

61 1532 250 1590 conventus.

174 1691 489 1760 OONGREGATIO
513 1691 769 1759 GENERALIS
794 1694 1013 1762 SECUNDA.

285 1828 349 1892 Dic
374 1829 497 1906 Quarto
520 1828 719 1908 Septembots,
736 1829 881 1894 Sabboto.

104 1963 197 2029 Hora
219 1963 340 2027 decima
366 1983 439 2025 cum
461 1962 594 2026 dimidio
617 1969 691 2026 ante
710 1963 875 2061 meridiem
901 1973 1115 2029 convenerunt

59 2065 177 2130 Patres
214 2087 288 2129 oum
317 2064 514 2130 officialibus.
559 2065 703 2129 Aderant
736 2086 862 2150 quoque
893 2066 1113 2149 Capitulorum

59 2166 298 2244 Procuratores,
325 2166 481 2233 Ordinum
506 2165 741 2248 Religiosorum
767 2175 798 2230 et
825 2168 1114 2252 congregationum

59 2270 286 2347 Provinciales,
301 2291 424 2333 necnon
439 2270 669 2353 Episcopcrum
692 2270 854 2353 Theologi.

105 2373 247 2456 Perlegit
259 2372 393 2435 Gonoilii
410 2372 603 2435 Secretarius
621 2371 750 2436 schema
770 2393 787 2435 a
812 2373 983 2437 Secretaric
1005 2372 1112 2456 Depu-

60 2477 194 2540 tationis
210 2474 336 2538 Primae
362 2475 422 2538 sibi
445 2475 610 2538 traditum.
655 2473 733 2538 Post
759 2495 916 2559 quemque
942 2475 1113 2540 schematis

62 2579 235 2642 articulum
249 2576 423 2660 perlectum
446 2576 604 2660 theologis
619 2577 701 2641 facta
716 2584 764 2641 est
780 2600 798 2641 a
813 2578 962 2641 Praeside
976 2577 1112 2643 facultas
1197 2609 1199 2613 ¹

60 2688 108 2758 ut,
126 2681 155 2744 si
170 2680 247 2762 quid
261 2680 341 2763 ipsis
367 2679 535 2742 dicendum
555 2686 741 2756 occurreret,
765 2701 857 2744 suam
883 2681 1016 2764 quisque
1042 2703 1113 2744 sen-

60 2784 197 2847 tentiam
226 2781 324 2846 libere
356 2782 390 2844 in
415 2781 556 2844 medium
586 2783 748 2864 proferret.
796 2783 993 2866 Significavit
1015 2784 1111 2846 etiam

60 2885 166 2949 Effius
183 2884 314 2947 Praeses
330 2883 478 2947 Patribus
493 2883 586 2946 licere
597 2883 760 2968 theologos
773 2884 811 2948 de
820 2885 955 2969 singulis
967 2886 1110 2949 articulis

61 2987 256 3070 interrogare
271 2993 365 3069 prout
379 2987 458 3070 ipsis
474 2986 618 3069 expedire
632 2985 801 3050 videretur.

103 3091 176 3154 Hac
190 3089 340 3152 facultate
354 3089 492 3172 ingenue
506 3088 557 3150 usi
579 3094 656 3151 sunt
677 3088 860 3171 Synodales.
905 3087 1018 3155 Variae
1039 3111 1108 3173 pro-

60 3192 142 3256 latae
172 3199 249 3257 sunt
277 3191 572 3267 animadversiones,
597 3191 892 3276 emendationesque
920 3193 1107 3276 propositae,

61 3315 139 3378 quas
156 3294 194 3358 ab
209 3295 379 3378 Episcopis
394 3294 428 3356 in
447 3292 574 3356 Privata
590 3292 838 3377 Congregatione
859 3292 1106 3379 perpendendas,
1236 3293 1241 3305 ⁴

59 3397 94 3459 in
108 3395 236 3460 tabulas
251 3397 365 3460 referre
381 3396 563 3459 Seoretariis
578 3395 764 3458 mandatum
778 3404 837 3461 est.

87 3497 280 3583 ,Postquam
301 3497 362 3563 hac
383 3500 505 3563 ratione
526 3497 662 3581 perlecta
684 3504 760 3561 sunt
783 3499 887 3583 Caput
908 3500 944 3562 Ἰ.
968 3500 1007 3562 de
1028 3498 1107 3563 Fide

62 3600 239 3679 Catholica
257 3603 361 3685 Caput
375 3602 422 3665 H.
438 3602 477 3664 de
488 3600 581 3663 Fidei
594 3598 791 3665 Professione
802 3602 985 3678 emittenda,
1003 3600 1107 3684 Caput

60 3703 125 3767 HI.
144 3704 183 3767 de
194 3702 288 3766 Fidei
300 3703 454 3768 Periculis
469 3703 635 3780 evitandis,
648 3723 781 3787 surgens
792 3704 907 3768 Illffius
922 3711 954 3768 et
965 3702 1105 3767 Revfdus

60 3805 239 3890 Episcopus
268 3806 425 3869 Midensis
458 3806 603 3888 exposuit
632 3813 780 3891 questum
808 3806 905 3890 hujus
935 3805 1105 3869 schematis

62 3915 159 3993 caput
172 3928 249 3972 mox
270 3908 450 3992 legendum,
467 3908 551 3993 quod
573 3914 639 3971 erat
664 3909 702 3972 de
730 3908 942 3975 Societatibus
967 3910 1103 3974 Socratis
