2572 4410
657 345 698 409 64

157 531 319 595 Ecclesiae
333 533 420 613 parvi
434 532 589 616 pendunt,
600 539 633 597 et
641 535 726 597 inter
736 533 930 597 arctissimos
940 533 1061 597 limites
1072 534 1209 597 circum-

156 634 309 710 scribunt,
329 634 454 699 Summi
468 638 633 701 Pontificis
649 643 681 700 et
695 637 926 720 Episcoporum
948 638 1149 701 hortamenta
1173 645 1209 702 et

155 741 288 805 consilia
302 742 367 805 fere
382 746 547 824 spernunt,
563 739 604 803 de
620 739 772 821 religione
787 761 900 822 parum
912 746 1004 805 caute
1015 741 1206 824 loquuntur,

155 852 250 929 atque
273 852 375 910 sectas
397 846 554 931 quaslibet
568 847 603 909 in
618 845 767 910 omnibus
782 846 942 910 Ecclesiae
959 847 1082 912 Christi
1096 851 1207 932 aequi-

155 955 278 1032 parant,
296 971 376 1033 quae
398 970 507 1012 eorum
529 949 644 1031 agendi
667 949 747 1012 ratio
770 949 866 1012 fidem
889 951 1041 1027 infirmat,
1066 958 1097 1015 et
1119 959 1208 1016 recta

155 1049 207 1112 via
221 1051 261 1113 ad
276 1051 434 1115 haeresim
449 1058 505 1115 aut
519 1052 821 1116 indifferentismum
830 1052 930 1116 ducit.
975 1054 1209 1120 Catholioireri

156 1157 296 1220 nominis
311 1157 468 1220 diversam
482 1178 613 1240 prorsus
627 1157 711 1219 riam
725 1161 834 1219 tenere
849 1156 976 1234 debent,
1001 1164 1075 1221 ante
1098 1160 1208 1223 omnia

155 1282 303 1344 quaerere
318 1283 451 1345 regnum
466 1262 528 1325 Dei
543 1267 575 1325 et
586 1261 747 1344 justitiam
762 1261 843 1344 ejus,
860 1261 1037 1325 Ecclesiam
1061 1262 1205 1345 diligere,

155 1374 188 1432 et
202 1369 237 1431 in
253 1370 322 1451 ejus
336 1369 545 1452 prosperitate
560 1367 707 1450 gaudere,
723 1386 774 1429 res
797 1366 980 1449 spirituales
1002 1366 1097 1430 rebus
1122 1372 1205 1429 tem-

155 1471 316 1553 poralibus
332 1477 522 1554 arusponere
536 1477 570 1534 et
584 1470 728 1534 debitum
742 1470 932 1553 obsequium
947 1478 980 1535 et
991 1472 1206 1536 obedientiam

153 1574 318 1639 Ecclesiae
339 1575 498 1639 ministris
518 1581 550 1637 et
568 1575 735 1657 praecipue
750 1573 894 1637 Romano
909 1575 1058 1638 Pontifici
1072 1577 1206 1658 ejusque

155 1680 289 1744 decretis
304 1687 475 1764 praestare.
526 1679 701 1742 Hiberniae
726 1685 855 1742 nostrae
878 1680 1018 1742 maximo
1034 1685 1085 1743 est
1100 1679 1206 1743 decori

155 1785 250 1868 quod,
275 1785 344 1848 Deo
371 1785 552 1868 adjuvante,
577 1784 637 1846 hac
663 1784 786 1846 sincera
812 1790 845 1846 et
859 1784 951 1848 firma
974 1784 1036 1848 fide
1060 1784 1204 1861 suffulta,

153 1895 343 1978 religionem
357 1892 514 1957 hactenus
528 1893 687 1975 integram
702 1897 735 1954 et
756 1891 996 1955 immaculatam
1012 1893 1204 1956 servaverit:

154 2001 260 2064 Deum
275 2022 440 2084 precamur
454 2007 492 2064 ut
506 2001 584 2064 haec
599 2000 674 2064 fidei
688 2001 868 2064 constantia
879 2021 1003 2083 semper
1017 2003 1205 2079 retineatur,

153 2108 248 2186 atque
277 2103 372 2186 longe
412 2125 430 2166 a
468 2103 615 2166 litoribus
647 2102 766 2165 nostris
795 2098 1104 2185 pseudo-liberalitas
1141 2105 1207 2167 ista

153 2210 307 2281 arceatur,
324 2226 404 2288 quae
420 2224 551 2288 eaquae
573 2209 651 2268 sunt
672 2203 796 2280 mundi,
813 2204 962 2287 religioni
975 2211 1008 2268 et
1024 2206 1205 2270 animarum

154 2307 252 2371 saluti
267 2308 442 2389 anteponit,
456 2313 550 2390 atque
560 2327 697 2370 errorem
713 2315 745 2369 et
759 2306 924 2369 veritatem
933 2308 1002 2390 pari
1016 2307 1085 2371 loco
1095 2307 1204 2372 habet.

198 2411 250 2473 11.
274 2411 466 2472 Innumeros
481 2409 546 2471 fere
562 2429 682 2472 errores
697 2408 891 2491 perniciosos
903 2415 936 2471 et
946 2409 1080 2492 periculi
1090 2409 1206 2492 plenos

153 2510 381 2572 recentioribus
409 2508 606 2591 temporibus
636 2529 762 2590 sparsos
791 2510 891 2573 fuisse
921 2511 1047 2592 scriptis
1076 2511 1206 2593 publice

152 2612 249 2678 editis
263 2632 375 2674 omnes
390 2617 518 2687 norunt,
543 2631 677 2694 quorum
698 2611 854 2694 plurimos
877 2612 1044 2694 encyclicis
1068 2613 1206 2697 aliisque

152 2712 337 2797 apostolicis
352 2712 470 2775 litteris
484 2713 672 2795 proscripsit
696 2712 848 2777 Summus
871 2715 1019 2778 Pontifex
1040 2715 1120 2778 Pius
1142 2716 1203 2780 IX.

152 2821 308 2879 eteorum
323 2811 480 2896 syllabum
496 2835 591 2897 quem
606 2814 838 2878 conficiendum
853 2817 974 2879 curarit
987 2816 1108 2899 publici
1118 2817 1205 2898 juris

151 2919 236 2982 fecit.
273 2919 370 2982 Hunc
387 2918 542 3000 syllabum
558 2940 631 2982 cum
646 2919 758 3000 synodi
773 2926 899 2983 nostrae
914 2919 1005 2984 Actis
1016 2928 1048 2984 et
1057 2921 1205 2986 Decretis

152 3020 311 3085 edendum
340 3019 516 3099 volumus,l
539 3028 577 3107 ut
606 3022 728 3099 fideles,
756 3044 899 3086 errorum
929 3023 1075 3106 scopulos
1105 3045 1203 3107 agno-

45 3126 47 3131 '
152 3128 287 3199 scentes,
318 3123 445 3186 facilius
471 3144 525 3188 eos
554 3124 684 3200 evitent,
710 3130 742 3187 et
766 3130 870 3188 rectae
895 3126 1038 3188 veritatis
1069 3127 1204 3190 semitae

150 3227 315 3290 insistant.

195 3333 247 3396 12.
272 3332 356 3396 (lum
371 3331 569 3414 gravissimis
591 3331 812 3396 vexationibus
834 3332 996 3415 Episcopi,
1022 3334 1203 3398 sacerdotes

150 3447 183 3505 et
197 3440 336 3524 populus
353 3439 537 3503 Catholicus
551 3441 586 3502 iu
601 3440 747 3522 pluribus
761 3442 945 3524 regionibus
967 3445 1202 3527 opprimantur,

150 3562 215 3604 non
240 3561 413 3625 possumus
437 3541 515 3624 quin
545 3542 690 3604 cumeis
720 3541 895 3621 doleamus,
922 3566 981 3608 nec
1010 3546 1200 3610 omittemus

148 3664 257 3725 preces
267 3645 479 3726 omnipotenti
489 3645 557 3708 Deo
572 3644 716 3721 fundere,
733 3651 770 3707 ut
785 3646 833 3710 eis
847 3668 958 3730 pacem
974 3655 1007 3712 et
1021 3648 1202 3714 libertatem

148 3746 284 3829 benigne
299 3747 426 3811 tribuat.
473 3748 630 3824 Quoniam
651 3768 726 3813 vero
741 3750 866 3814 fortiter
881 3758 913 3815 et
927 3759 1108 3817 constanter
1129 3776 1202 3839 pas-

57 3916 62 3924 ,
149 3854 271 3913 toreset
278 3849 389 3934 populi
400 3850 535 3913 istarum
545 3850 711 3932 regionum
722 3852 841 3933 proelia
853 3853 985 3917 Domini
993 3855 1200 3937 proeliantur,

462 3963 549 4019 lVide
559 3965 676 4027 Append.
690 3966 744 4015 111.
755 3980 812 4029 pag.
828 3968 885 4018 207.
