2572 4410
631 329 673 396 85

165 518 220 582 89.
244 513 339 580 Unde
373 514 539 579 hortamur
567 518 607 578 ut
628 512 740 577 diebus
763 512 904 577 etheris
925 515 1058 579 statutis
1082 515 1115 580 et
1136 516 1176 582 ad

117 619 250 704 regulas
288 617 468 683 scholarum
500 616 758 694 accommodatis,
798 636 891 701 saepe
926 616 1104 683 habeantur
1139 622 1175 685 in
1218 601 1221 605 ⁴

118 721 278 787 Ecclesiis
299 725 355 806 aut
382 721 418 783 in
448 718 573 785 sacellis
600 719 766 796 stationes,
798 718 839 782 ad
860 739 939 803 ques
965 728 1176 786 convocentur

119 825 214 910 pueri
244 830 277 889 et
297 823 433 909 puellae,
466 822 638 907 separatim
666 822 704 886 ab
734 821 865 900 adultis,
897 821 937 886 ad
959 824 1175 890 confessiones

120 927 295 994 iaciendas.

162 1036 219 1099 90.
241 1033 389 1116 Denique
412 1029 582 1094 audiantur
607 1028 733 1092 Summi
752 1028 929 1106 Pontificio,
947 1029 1066 1094 Leonis
1092 1028 1171 1094 XII.

116 1136 215 1203 verba
229 1136 346 1220 quibus
360 1139 466 1199 totum
481 1133 620 1197 officium
644 1133 917 1197 Oonfessariorum
932 1133 1024 1216 quasi
1038 1134 1074 1197 in
1089 1153 1175 1196 com·

114 1240 238 1327 pendio
252 1239 440 1323 proponitur
451 1257 503 1302 :-

164 1340 390 1406 “Curandum
405 1339 517 1404 sedulo
537 1338 627 1404 vobis
651 1336 848 1423 (Episcopis)
873 1345 975 1403 estut
994 1340 1112 1424 iiquos
1135 1338 1175 1403 ad

116 1444 372 1509 “confessiones
388 1442 562 1506 audiendas
577 1441 734 1523 deligetts,
751 1462 788 1504 ea
807 1441 1011 1505 meminerint
1031 1464 1067 1505 ac
1086 1463 1174 1525 prae·

115 1545 140 1576 ‘⁶
153 1550 246 1610 stent
257 1564 336 1627 quae
345 1542 385 1606 de
396 1543 544 1607 ministro
553 1542 773 1605 Poenitentiae
782 1542 937 1625 praecipit
948 1542 1176 1607 Praedecessor

116 1645 140 1678 “
150 1651 275 1723 noster,
282 1645 491 1708 innocentius
502 1644 635 1722 IH.,ut,
644 1643 773 1720 scilicet,
781 1645 824 1706 sit
834 1643 992 1708 discretus
1007 1650 1039 1709 et
1049 1651 1174 1722 centua,

115 1748 140 1781 “
153 1752 196 1811 ut
217 1747 311 1811 modo
332 1747 428 1830 periti
442 1747 557 1810 medici
572 1746 721 1810 similiter
735 1744 884 1810 infundat
897 1746 1008 1810 vinum
1023 1752 1055 1810 et
1070 1748 1175 1811 oleum

115 1853 141 1885 “
150 1851 339 1916 vulneribus
354 1850 497 1927 sauciati,
515 1850 685 1933 diligenter
700 1850 866 1933 inquirens
882 1856 914 1913 et
928 1852 1100 1933 peccatoris
1115 1851 1175 1913 cir-

114 1955 140 1986 “
156 1953 368 2018 cumstantias
380 1953 551 2035 etpeccati,
562 1973 618 2034 per
633 1972 712 2035 quas
727 1952 899 2035 prudenter
908 1952 1068 2034 intelligat
1083 1953 1175 2035 quale

115 2058 141 2090 ‘⁶
152 2055 205 2119 illi
227 2055 340 2119 debeat
354 2054 525 2118 consilium
546 2053 694 2137 praebere
709 2060 742 2117 et
757 2053 914 2137 ejusmodi
929 2054 1105 2116 remedium
1121 2053 1174 2116 ad-

114 2158 1173 2243 ‘⁸hibere,diversisexperimentisutendoadsanandumaegrotum,

115 2264 333 2349 “habeatque
354 2286 428 2348 prae
451 2264 551 2329 oculis
573 2264 763 2328 documenta
784 2265 840 2328 illa
862 2266 1001 2330 Ritualis
1016 2267 1152 2329 Romani
1163 2291 1173 2345 3

116 2370 144 2401 “
158 2368 264 2433 videat
280 2368 450 2451 diligenter
467 2365 620 2443 sacerdos,
645 2367 790 2451 ‘quando
806 2374 837 2431 et
849 2367 965 2451 quibus
977 2370 1173 2447 conferenda,

118 2471 145 2504 “
158 2470 208 2535 vel
218 2470 365 2554 neganda
373 2470 423 2534 vel
434 2469 607 2533 differenda
617 2471 659 2534 sit
671 2470 838 2547 absolutio,
852 2492 892 2534 ne
902 2470 1042 2534 absolvat
1054 2493 1107 2535 eos
1120 2473 1175 2555 qui

119 2573 232 2636 “talis
252 2572 398 2636 beneficii
419 2577 497 2636 sunt
518 2573 693 2656 incapaces,
711 2573 819 2655 quales
835 2577 911 2636 sunt
926 2574 982 2657 qui
996 2573 1084 2637 nulla
1099 2574 1176 2637 dant

119 2676 249 2758 “signa
263 2674 392 2753 doloris,
409 2675 464 2758 qui
480 2673 551 2739 odia
566 2680 598 2737 et
613 2674 799 2738 inimicitias
814 2674 980 2757 deponere,
994 2681 1049 2738 aut
1060 2676 1173 2752 aliena,

119 2779 146 2810 “
156 2780 187 2842 si
200 2778 335 2862 possint,
351 2777 528 2853 restituere,
545 2782 601 2841 aut
615 2776 792 2859 proximam
806 2775 956 2858 peccandi
978 2778 1174 2840 occasionem

122 2880 300 2945 “deserere
316 2883 372 2942 aut
387 2878 449 2941 alio
471 2877 565 2941 modo
587 2881 714 2960 peccate
729 2876 956 2961 derelinquere,
973 2884 1005 2941 et
1020 2879 1117 2942 vitam
1140 2880 1174 2942 in

123 2983 275 3047 “melius
299 2980 467 3045 emendare
491 2979 625 3056 nolunt;
650 2984 706 3041 eut
732 2979 787 3061 qui
810 2978 974 3060 publicum
990 2980 1175 3043 scandalum

123 3085 145 3115 “
158 3083 315 3148 dederunt
329 3084 393 3147 nisi
406 3082 532 3167 publice
554 3083 751 3151 satisfaciant
771 3088 803 3145 et
826 3083 1009 3146 scandalum
1036 3083 1175 3146 tollant!

123 3188 146 3220 “
160 3189 246 3265 Quae
258 3186 387 3271 quidem
399 3207 493 3251 nemo
503 3208 567 3250 non
573 3186 1174 3269 uideritquamlcngeabeorumraticne

123 3291 146 3321 “
158 3288 289 3368 distant,
297 3288 1174 3375 quiutgraviusaliquodaudiuntpeccatumautaliquem

124 3395 304 3459 “sentiunt
325 3394 495 3477 multiplici
516 3398 716 3476 peccatorum
739 3413 853 3476 genere
875 3394 1041 3467 infectum,
1065 3393 1174 3455 statim

123 3493 784 3583 “pronunciantsenonposseabsolvere3
802 3496 849 3558 eis
860 3516 973 3576 nempe
983 3494 1045 3576 ipsi
1055 3493 1175 3556 mederi

124 3606 146 3634 “
158 3607 316 3677 recusant,
334 3598 449 3682 quibus
465 3598 603 3661 maxime
625 3597 772 3660 curandis
788 3597 826 3660 ab
842 3598 892 3660 Eo
908 3602 985 3660 sunt
1005 3597 1174 3660 constituti

124 3706 147 3735 “
157 3705 211 3786 qui
223 3705 283 3767 ait:
302 3705 441 3774 ‘nonest
453 3720 533 3783 opus
542 3700 721 3762 valentibus
733 3699 886 3775 medicus,
895 3699 950 3761 sed
962 3697 1044 3760 male
1056 3697 1174 3777 haben-

123 3809 356 3872 “tibus'—aut
378 3805 493 3888 quibus
515 3804 567 3866 vix
589 3802 654 3866 ulla
676 3803 861 3866 scrutandae
877 3802 1088 3865 conscientiae
1103 3802 1173 3865 dili·

124 3913 147 3943 “
158 3911 278 3995 gentis,
296 3913 352 3973 aut
374 3907 490 3972 doloris
505 3911 561 3970 aut
574 3906 728 3989 propositi
745 3906 822 3970 satis
836 3905 962 3970 videtur
985 3905 1175 3989 significatio
