2572 4410
615 325 725 410 sc,

113 513 135 546 “
144 516 181 578 ut
196 509 355 574 absolvere
370 529 404 573 se
418 528 512 592 posse
527 507 724 585 existiment,
740 528 777 572 ac
787 512 859 572 tum
869 507 999 572 demum
1007 515 1118 577 tutum
1128 532 1163 576 so

113 616 265 698 “cepisse
279 612 448 677 eonsilium
462 617 590 695 putant,
609 613 639 677 si
648 611 797 676 homines
812 612 847 674 in
863 611 950 676 alind
963 618 1093 698 tempus
1109 615 1164 680 ab·

113 716 313 782 “solvendos
328 714 520 778 dimiserint.
569 713 605 777 Si
626 714 714 778 enim
736 713 803 777 ulla
823 714 858 776 in
880 734 915 778 re
938 716 1092 783 servanda
1115 722 1166 782 ost

113 822 136 852 “
148 819 360 895 mediocritas,
377 818 412 880 in
426 816 485 880 hac
500 817 707 900 potissimum
723 822 873 896 servetur,
890 825 1103 884 necesseest:
1123 841 1168 885 no

114 924 135 955 “
146 922 197 986 vel
211 923 310 985 nimia
324 921 460 984 facilitas
476 920 660 986 absolvendi
674 921 860 984 facilitatem
875 922 985 985 afferat
999 925 1163 1005 peccandi,

114 1024 196 1088 “vel
216 1024 316 1086 nimia
338 1020 508 1085 difficultas
531 1022 648 1086 alienet
669 1023 795 1086 animos
816 1044 834 1086 a
854 1023 1065 1102 confessione,
1081 1026 1166 1089 etin

113 1126 398 1209 “desperationem
411 1124 525 1189 salutis
537 1125 685 1191 adducat.
703 1174 712 1190 .
730 1174 738 1190 .
757 1174 765 1190 .
799 1126 1167 1209 Imparatiillitantum-

114 1229 240 1294 “modo
263 1234 340 1293 sunt
357 1228 534 1313 judicandi,
550 1250 615 1292 non
639 1230 695 1314 qui
709 1228 760 1293 vel
774 1229 961 1312 gravissima
976 1229 1170 1296 admiserint

115 1340 137 1371 ‘⁶
149 1337 281 1421 flagitia,
298 1336 348 1400 vel
363 1337 419 1420 qui
440 1335 596 1420 plurimos
610 1337 707 1399 etiam
722 1357 823 1400 annos
837 1335 996 1400 abfuerint
1009 1358 1028 1400 a
1042 1338 1168 1401 confes-

115 1441 138 1472 “
151 1441 238 1504 sione
250 1440 314 1504 :-‘
323 1437 560 1502 Misericordiae
575 1438 662 1501 enim
677 1437 810 1501 Domini
818 1457 884 1502 non
896 1443 946 1502 est
955 1458 1123 1519 numerus,
1133 1444 1171 1504 et

115 1546 136 1579 “
147 1542 298 1606 bonitatis
318 1542 468 1605 infinitus
489 1548 540 1606 est
556 1540 852 1607 thesaurus:'-vel
867 1543 934 1625 qni,
949 1542 1046 1607 rudes
1056 1542 1169 1608 condi-

117 1649 235 1711 “tione
250 1651 307 1710 aut
321 1644 404 1710 tardi
417 1646 547 1729 ingenio
570 1666 634 1709 non
658 1646 737 1710 satis
751 1646 786 1709 in
803 1645 927 1729 seipsos
948 1646 1169 1730 inquisierint,

117 1734 326 1812 “nulla'l'ere
348 1746 505 1811 industria
528 1768 596 1824 aua,
619 1746 654 1810 id
676 1748 746 1811 sinc
769 1746 941 1812 sacerdotis
954 1749 1057 1832 ipsius
1072 1770 1171 1833 opera

118 1851 326 1915 “assecuturi
337 1871 347 1926 ;
371 1848 427 1914 sed
452 1849 518 1934 qui,
542 1849 684 1913 adhibita
706 1849 745 1913 ab
766 1870 803 1913 eo
817 1851 1007 1930 necessaria,
1023 1871 1089 1915 non
1105 1871 1172 1934 qua

118 1951 418 2037 “praetermodum
433 1956 612 2034 graventur,
629 1952 725 2014 iniis
740 1951 974 2036 interrogandis
989 1952 1169 2036 diligentia,

117 2060 139 2089 “
149 2055 762 2140 omnique,iniisdemaddetestationem
772 2061 972 2138 peccatorum
983 2057 1171 2136 excitandis,

119 2165 140 2193 “
152 2182 217 2225 non
229 2163 297 2225 sine
306 2161 388 2224 fusis
397 2181 437 2224 ex
447 2160 563 2223 intimo
575 2160 667 2223 corde
680 2159 720 2222 ad
731 2160 838 2223 Deum
847 2160 1004 2242 precibus,
1012 2160 1171 2225 exhausta

118 2263 312 2326 “charitatis
327 2262 494 2337 industria,
513 2282 611 2326 sensu
625 2268 734 2325 tamen
756 2260 873 2324 doloris
895 2282 931 2324 ac
954 2263 1173 2344 poenitentiae

117 2367 139 2397 “
157 2387 218 2448 quo
230 2367 344 2429 saltem
350 2364 412 2429 Dei
422 2365 556 2448 gratiam
565 2366 809 2429 insacramento
818 2366 1051 2447 impetrandam
1062 2366 1173 2449 dispo-

120 2473 278 2544 “nantur,
299 2489 404 2532 carere
426 2468 599 2551 prudenter
615 2470 835 2551 judicentur.''
892 2471 1073 2552 (Encyclica
1101 2471 1173 2537 sP.

118 2572 237 2636 Leonis
251 2572 339 2648 XIL,
356 2591 418 2654 qua
439 2571 623 2636 dubilaeum
641 2593 690 2636 an.
712 2573 807 2651 1825,
831 2574 1069 2658 promulgatum
1091 2578 1170 2656 est.)

612 3255 682 3323 XV.

527 3442 570 3488 nn
594 3442 760 3492 sansonis.

167 3594 220 3661 91.
242 3591 404 3679 apostolis
419 3612 591 3680 corumque
607 3596 842 3662 suecessoribus
856 3603 1048 3681 potestatem
1069 3598 1173 3666 delin-

124 3699 259 3783 quentes
274 3694 416 3763 currentis
439 3694 570 3783 allisque
593 3696 703 3782 poenis
726 3700 947 3785 spiritualibus
962 3702 1174 3781 coercendis

125 3796 254 3866 Christo
284 3799 422 3867 Domino
444 3819 626 3867 conoessum
655 3822 726 3869 esse
754 3824 866 3870 omnes
895 3811 1023 3870 norunt.
1069 3806 1175 3883 Quam

126 3901 255 3991 quidem
270 3909 459 3990 potestatem
482 3904 645 3974 Romanus
661 3905 809 3975 Pontifex
829 3929 885 3995 per
907 3909 1085 3975 Ecclesiam
1100 3912 1174 3975 uni-
