2572 4410
620 340 685 406 142

380 694 424 739 nn
447 693 677 742 soomrrrmus
699 694 917 742 raoscarrms.
979 674 983 681 ’

161 813 237 878 842.
260 813 393 878 Nemini
407 814 541 878 dubium
553 819 603 879 est
617 815 695 898 quin
708 816 846 878 maxima
861 815 978 878 damna
988 834 1028 878 ex
1043 815 1181 879 societa-

117 915 207 981 tibus
238 919 369 981 secretis
399 918 546 1001 religioni
576 923 609 981 et
637 918 829 1001 reipublicae
857 917 1055 1000 proveniant,
1088 916 1180 981 unde

116 1022 262 1087 Ecclesia
284 1022 347 1084 Dei
368 1022 567 1105 gravissimis
588 1023 701 1105 poenis
724 1021 852 1085 easdem
874 1021 1019 1099 damnat,
1035 1026 1069 1083 et
1090 1021 1179 1086 filios

117 1147 194 1192 suos
215 1126 368 1190 continue
393 1124 540 1189 hortatur
555 1130 592 1188 ut
607 1125 779 1209 diligenter
802 1146 855 1189 eas
871 1127 1002 1189 omnino
1018 1123 1177 1189 devitent.

115 1231 164 1295 Ut
187 1231 375 1294 omittamus
398 1249 478 1311 quae
504 1228 544 1292 de
567 1230 802 1313 antiquioribus
823 1228 1012 1312 hujusmodi
1036 1232 1135 1295 sectis
1158 1253 1177 1295 a

113 1331 270 1396 Romanis
284 1329 496 1394 Pontificibus
512 1331 634 1395 sancita
650 1337 737 1408 sunt,
756 1332 906 1395 Clemens
921 1331 999 1396 XII.
1017 1333 1177 1397 Summus

114 1435 265 1500 Pontifex
274 1437 405 1500 annoll
408 1434 914 1518 38societatemquaeMosonica,
923 1436 1176 1499 seuIJibcrorrcm

112 1536 330 1613 Maroneam,
355 1538 481 1615 dicitur,
506 1538 679 1614 damnavit,
701 1544 733 1602 et
756 1540 1085 1604 excommunicatione
1101 1542 1175 1623 ejus

114 1639 252 1703 asseclas
278 1640 489 1722 perstrinxit:
514 1661 594 1723 quae
618 1641 838 1704 sententiaeb
862 1641 935 1704 aliis
960 1641 1175 1708 Pontificibus

112 1743 287 1807 Benedioto
301 1743 404 1820 XIV„
428 1744 486 1807 Pio
501 1744 591 1821 VH„
606 1745 717 1808 Leone
739 1745 831 1822 XII„
856 1743 913 1808 Pio
930 1744 1037 1822 VHI.,
1055 1752 1089 1810 et
1111 1747 1172 1811 Pio

115 1844 186 1921 lx,
203 1846 337 1909 feliciter
351 1851 516 1928 regnante,
534 1852 683 1910 renovata
697 1853 731 1910 et
753 1847 940 1911 confirmata
954 1848 1027 1912 luit.

31 1934 37 1941 ⁴
157 1949 233 2014 343.
256 1950 368 2033 Neque
383 1971 402 2013 a
423 1951 512 2032 gravi
533 1949 648 2014 delicto
664 1956 697 2014 et
710 1952 823 2033 poenis
838 1951 1074 2029 ecclesiasticis,
1091 1974 1174 2035 quae

113 2051 197 2115 latae
213 2059 289 2115 sunt
314 2051 466 2116 adversus
488 2052 625 2116 Liberos
644 2053 837 2129 Muratores,
855 2060 1049 2118 excusantur
1064 2055 1099 2130 ii,
1118 2059 1175 2139 qui

93 2156 149 2219 'in
170 2156 375 2220 inferioribus
398 2161 504 2220 sectae
531 2155 684 2240 gradihus
698 2163 867 2221 versantur
890 2162 922 2220 et
945 2159 1016 2240 ejus
1040 2156 1176 2221 seeretis

114 2264 439 2327 minimeinitiantur.
484 2263 525 2326 In
548 2263 631 2326 hanc
654 2283 722 2326 rem
745 2263 879 2346 legenda
902 2268 979 2326 sunt
1004 2263 1175 2344 sapientis·

118 2369 199 2430 sima
212 2368 245 2429 S.
257 2367 294 2430 P.
305 2367 425 2430 Leonis
437 2367 514 2429 ΧΠ.
524 2367 618 2431 verba
629 2367 774 2431 :-“Pro
786 2373 871 2430 certo
883 2367 998 2430 habete
1010 2367 1175 2429 neminem

117 2472 138 2501 “
151 2490 260 2532 earum
282 2469 469 2551 participem
492 2474 650 2532 sectarum
673 2490 744 2532 esse
766 2489 871 2552 posse,
890 2470 968 2552 quin
990 2469 1177 2550 gravissimi

119 2573 140 2602 “
152 2570 268 2652 flagitii
282 2589 356 2632 reus
372 2570 434 2645 sit3
452 2591 623 2653 eorumque
635 2572 731 2634 verba
746 2570 784 2633 ab
800 2570 930 2634 auribus
946 2569 1102 2652 repellite,
1119 2569 1177 2652 qui

119 2675 141 2704 “
153 2671 359 2734 utvestraein
366 2669 621 2752 gradussuarum
634 2679 792 2735 sectarum
804 2673 970 2735 inferiores
980 2672 1178 2756 cooptationi

120 2777 141 2808 “
152 2774 386 2849 assentiamini,
403 2773 607 2838 vehementer
622 2776 781 2838 affirmant
803 2776 952 2839 nihilum
965 2777 999 2839 in
1022 2777 1179 2859 gradibus

120 2880 142 2910 “
153 2876 219 2939 illis
235 2877 372 2952 admitti,
386 2877 471 2959 quod
485 2877 611 2954 rationi,
623 2878 706 2940 nihil
722 2878 806 2963 quod
817 2878 966 2961 religioni
978 2878 1177 2956 adversetur,

120 2982 142 3012 “
154 2981 254 3043 immo
277 2980 360 3043 nihil
373 2980 423 3043 vel
445 2980 618 3064 praedicari
639 2981 690 3045 vel
711 2982 820 3065 perfici
835 2981 921 3065 quod
935 3001 1001 3044 non
1016 2987 1177 3057 sanctum,

121 3084 143 3115 “
153 3082 239 3167 quod
250 3103 315 3146 non
325 3087 460 3159 rectum,
473 3081 557 3167 quod
566 3104 630 3146 non
642 3084 930 3147 incontaminatum
943 3084 992 3147 sit.
1038 3083 1180 3146 Etenim

122 3184 383 3271 “jusjurandum
405 3186 487 3250 illud
508 3188 678 3264 nefarium,
696 3186 781 3268 quod
799 3188 867 3269 jam
890 3191 1103 3249 memoratum
1127 3191 1181 3249 est

123 3288 304 3371 “quodque
326 3289 361 3350 in
383 3289 439 3351 illa
461 3289 558 3352 etiam
584 3289 727 3352 inferiori
741 3289 942 3370 coaptatione
953 3289 1056 3371 jurari
1070 3287 1180 3366 debet,

123 3392 145 3424 “
157 3391 237 3454 satis
252 3411 308 3473 per
323 3410 357 3452 se
373 3395 421 3453 est
436 3396 474 3453 ut
488 3391 679 3473 intelligatis
697 3390 787 3453 nefas
802 3391 899 3452 etiam
915 3409 986 3453 esse
1004 3388 1182 3453 levioribu's

123 3495 146 3525 “
158 3494 223 3556 illis
233 3492 384 3576 gradibus
393 3492 541 3569 adscribi,
555 3499 649 3576 atque
660 3494 695 3555 in
706 3493 747 3555 iis
758 3492 887 3557 versari.
918 3491 1053 3567 Deinde,
1067 3511 1183 3573 quam·

125 3599 146 3628 “
159 3598 207 3661 vis
213 3617 293 3679 quae
303 3596 444 3679 graviora
450 3602 483 3659 et
492 3597 674 3660 scelestiora
680 3597 815 3673 sunt,iis
821 3595 1035 3659 mandarinon
1043 3595 1181 3676 soleant,

124 3701 146 3732 “
159 3702 215 3783 qui
229 3701 407 3784 superiores
422 3698 539 3782 gradm
555 3701 691 3764 assecuti
707 3721 771 3762 non
788 3704 875 3776 sunt,
888 3699 1054 3782 perspicue
1069 3705 1183 3764 tamen

124 3800 1183 3885 “patetperniciosissimarumharumsocietatumvimetaudaciam

126 3904 147 3935 “
158 3904 352 3967 exomnium
363 3904 418 3987 qui
433 3904 474 3966 iis
490 3924 607 3968 nomen
623 3902 780 3968 dederunt
796 3902 1005 3968 consensione
1021 3908 1053 3965 et
1068 3903 1182 3968 multi·
