2572 4410
609 347 676 413 262

113 524 168 590 his
189 540 383 607 aquoquam
405 520 522 605 quavis
537 521 735 599 auctoritate,
760 522 860 586 etiam
873 527 1043 608 praetextu
1064 523 1173 609 cujus·

111 626 194 693 libet
206 624 379 711 privilegii,
396 625 454 690 aut
468 623 713 689 consuetudinis
726 624 878 690 inductae
891 625 943 691 vel
956 627 1174 707 inducendae,

113 747 214 815 quam
236 727 373 792 abusum
402 747 473 792 esse
495 725 710 805 declaramus,
741 727 880 793 scienter
906 728 959 794 rel
983 730 1176 816 ignoranter

114 831 287 915 eontigerit
301 829 466 896 attentari.

156 933 231 999 Non
245 932 451 999 obstantibus
465 932 667 1016 praemissis,
677 929 817 1016 aliisque
832 931 1032 1017 quibuslibet
1042 935 1176 1002 ordina·

111 1037 266 1113 tionibus,
287 1034 587 1112 constitutionibus,
623 1034 813 1120 privilegiis,
839 1037 937 1101 etiam
976 1038 1112 1122 speciali
1141 1039 1176 1104 et

112 1137 283 1204 individua
306 1140 469 1203 mentione
512 1137 633 1222 dignis,
681 1157 742 1201 nec
778 1157 846 1204 non
882 1138 1177 1206 consuetudinibus

115 1240 295 1326 quibusvis,
324 1242 423 1306 etiam
446 1238 768 1319 immemorabilibus,
793 1237 970 1326 ceterisque
996 1241 1177 1308 contrariis

115 1342 369 1429 quibuscunque.

158 1446 252 1511 Nulli
266 1467 342 1532 ergo
356 1447 487 1511 omnino
501 1444 675 1510 hominum
689 1447 786 1512 liceat
805 1446 890 1512 hanc
912 1449 1068 1534 paginam
1089 1449 1177 1516 Nos·

114 1546 688 1629 traeconstitutioniserdinationis,
699 1549 917 1628 limitationis,
925 1548 1177 1635 suppressionis,

115 1650 345 1736 derogationis,
367 1651 542 1717 voluntatis
563 1654 751 1738 infringere,
775 1652 826 1717 vel
848 1653 879 1717 ei
901 1674 982 1718 ausu
1004 1657 1179 1722 temerario

117 1754 287 1820 contraire.
335 1752 466 1840 Siquis
495 1761 603 1820 autem
625 1754 687 1820 hoc
717 1755 876 1820 attentare
910 1759 1178 1841 praesumpserit,

116 1855 373 1941 indignationem
395 1856 634 1942 Omnipotentis
664 1856 727 1922 Dei
757 1862 789 1921 et
813 1856 987 1922 Beatorum
1016 1857 1105 1923 Petri
1144 1866 1180 1926 et

116 1956 212 2024 Pauli
222 1958 449 2044 Apostolorum
464 1962 545 2044 ejus,
561 1982 595 2025 se
610 1961 735 2026 noverit
749 1961 968 2032 incursurum.

160 2060 283 2127 Datum
318 2064 440 2128 Remae
466 2064 550 2148 apud
589 2061 624 2129 S.
662 2061 795 2127 Petrum
824 2084 908 2128 anno
944 2062 1180 2130 incarnationis

119 2163 308 2230 Dominicae
330 2167 506 2231 Millesimo
536 2165 811 2249 Ootingentesimo
843 2166 1046 2249 sexagesimo
1067 2167 1177 2247 Nono,

119 2269 243 2346 Quarto
266 2267 347 2333 Idus
371 2267 518 2335 Octobris
541 2268 757 2334 Pontificatus
785 2269 888 2332 nostri
912 2270 1180 2354 annovigesimo

117 2377 240 2453 quarto.

465 2490 599 2604 Manius
615 2539 717 2604 Cara.
734 2536 880 2618 Moram,
897 2537 1146 2605 Pro-Datarius.

466 2642 509 2706 N.
526 2642 628 2707 Gran.
646 2640 843 2707 Paaacoraur
858 2642 1037 2707 Cusanum.

704 2745 785 2808 Visa
803 2745 842 2810 de
858 2745 956 2810 Curia
1060 2817 1065 2827 ³

633 2842 636 2849 ’
676 2848 862 2913 Domrueus
875 2847 985 2914 Baurr

919 2950 948 3015 Ι.
967 2949 1130 3034 Gugnoni.

161 3050 242 3098 noco
255 3029 289 3096 ἦ·
302 3052 437 3100 nnuma
