2572 4410
678 317 721 384 94

179 509 287 571 noant.
333 504 450 588 Siquis
465 524 537 567 vero
554 503 685 566 clericus
700 503 765 567 sive
787 499 957 565 saecularis
980 499 1045 563 sive
1071 495 1232 579 regularis

176 608 259 687 hanc
273 608 377 690 legem
391 607 563 681 violaverit,
582 608 824 688 suspensionem
840 607 909 685 ipso
920 607 1002 664 lacto
1016 605 1170 662 incurrat.

222 713 293 776 119.
316 711 399 774 Cum
422 711 456 773 in
479 710 597 773 chartis
619 708 748 772 lusoriis
769 706 856 770 haud
875 704 1036 769 modicum
1056 701 1232 785 aliquando

177 823 304 899 tempus
319 820 440 878 teratur
455 819 487 876 et
501 813 623 877 desidia
633 813 769 895 turpiter
781 812 932 886 foveatur,
950 814 1040 871 caute
1051 807 1231 871 admodum

177 921 328 984 adversus
357 916 543 1000 hujusmodi
574 917 682 980 lusum
720 936 754 980 se
785 915 910 977 munire
948 912 1042 976 debet
1080 910 1233 974 sacerdos

179 1021 367 1108 praesertim
382 1019 438 1083 ubi
453 1020 493 1083 de
513 1019 649 1101 pecunia
664 1018 780 1100 agitur,
797 1037 838 1080 ne
860 1015 1008 1079 aleatoris
1023 1014 1072 1077 illi
1086 1019 1164 1077 nota
1179 1013 1235 1075 in·

180 1130 302 1189 uratur.

223 1228 296 1290 120.
320 1226 543 1290 conviviorum
565 1226 771 1289 festivitatem
794 1223 833 1288 ad
855 1225 1081 1306 intempestam
1103 1229 1235 1288 noctem

184 1328 355 1411 producere
369 1329 435 1391 viro
451 1328 662 1393 ecclesiastico
684 1327 814 1390 omnino
837 1327 1007 1409 indignum
1025 1325 1236 1410 judicamus:

187 1455 245 1498 1100
261 1456 334 1497 00111
350 1435 457 1498 debita
478 1436 519 1499 ad
540 1437 716 1499 orationem
739 1435 926 1512 attentione,
942 1456 1001 1497 1100
1016 1455 1089 1498 0010
1105 1435 1235 1499 decenti

180 1556 215 1598 ac
237 1537 349 1600 devota
373 1557 533 1601 sacrorum
555 1539 780 1620 mysteriorum
805 1533 1013 1600 celebratione
1036 1537 1102 1600 ullo
1133 1537 1232 1600 modo

181 1638 437 1704 conciliandum:
462 1645 494 1702 01
510 1640 653 1703 1110111010
675 1638 881 1722 prohibemus
897 1660 938 1701 ne
954 1638 1098 1703 sacerdos
1114 1639 1235 1722 aliquis

181 1743 361 1806 chartarum
383 1743 433 1807 vel
455 1743 534 1807 alios
556 1743 742 1826 hujusmodi
762 1743 853 1807 lusus
878 1742 920 1806 ad
943 1743 1079 1806 multam
1103 1749 1232 1807 noctem

179 1846 353 1930 protrahat.

227 1950 300 2012 121.
316 1949 367 2012 Ab
376 1950 464 2013 omni
475 1949 554 2014 luxu
566 1956 598 2013 01
609 1950 694 2012 fastu
704 1948 865 2013 mundano
878 1947 1055 2013 sacerdotes
1067 1970 1101 2014 se
1111 1949 1234 2014 alienos

183 2052 314 2117 omnino
337 2052 518 2130 ostendant,
541 2052 695 2115 memoria
718 2051 893 2114 retinentes
916 2071 950 2114 se
973 2072 1043 2115 esso
1066 2052 1235 2116 ministros

181 2158 279 2233 illius,
307 2158 363 2242 qui
387 2158 440 2221 his
463 2159 498 2221 in
524 2158 616 2221 101110
646 2154 764 2237 degens
793 2175 858 2218 non
884 2154 1021 2218 habebat
1050 2155 1105 2220 ubi
1134 2162 1233 2239 caput

186 2262 362 2325 reclinaret.

228 2365 301 2426 122.
326 2364 428 2427 Omne
443 2362 586 2425 studium
602 2368 634 2427 et
648 2363 780 2446 gloriam
792 2383 882 2426 suam
892 2364 1000 2426 nonin
1012 2363 1089 2427 luxu
1102 2370 1134 2427 01
1145 2365 1234 2430 fastu

184 2469 321 2550 proprio,
347 2468 460 2530 necin
483 2467 604 2529 divitiis
627 2467 809 2543 mundaniS,
827 2466 883 2530 sed
905 2468 939 2529 in
962 2489 998 2531 00
1014 2474 1170 2550 reponant
1196 2475 1236 2533 ut

184 2572 299 2635 domus
329 2569 391 2631 Dei
415 2569 475 2630 rite
498 2575 618 2646 ornata,
643 2576 675 2633 et
698 2571 786 2635 omni
808 2570 918 2634 decore
940 2571 1034 2653 plena
1057 2573 1109 2648 011,
1132 2578 1235 2657 utque

185 2675 296 2736 vineae
319 2671 502 2754 spirituales
525 2672 586 2735 sibi
608 2675 796 2736 commissae
819 2674 991 2739 virtutibus
1022 2675 1168 2751 floreant,
1200 2679 1235 2736 et

184 2780 361 2858 opportuno
377 2777 519 2854 tempore
533 2773 609 2836 dent
624 2774 765 2837 fructum
781 2795 884 2837 suum.

230 2878 302 2942 123.
326 2876 417 2938 Licet
432 2875 560 2939 habitus
575 2897 640 2939 non
652 2879 747 2940 faciat
761 2879 963 2955 monachum,
980 2884 1087 2942 tamen
1103 2879 1238 2944 clericos

184 2985 289 3044 vestes
305 2978 430 3060 proprio
455 2984 666 3060 congruentes
681 2979 784 3043 ordini
812 3000 936 3062 semper
950 2980 1071 3044 deferre
1097 2987 1236 3063 oportet,

185 3092 222 3148 ut
244 3104 300 3167 per
329 3082 505 3145 decentiam
537 3082 668 3146 habitus
705 3075 826 3146 externi
863 3104 987 3147 morum
1031 3085 1238 3149 honestatem

185 3190 344 3251 internam
388 3185 568 3248 ostendant.
636 3187 830 3251 Olericorum
860 3189 967 3270 itaque
999 3191 1135 3253 vestitus
1176 3211 1239 3254 000

187 3290 295 3354 sordes
317 3310 376 3351 nec
405 3288 518 3351 luxum
543 3291 654 3371 sapiat,
680 3290 723 3353 sit
752 3311 875 3373 semper
897 3293 981 3375 nigri
1010 3293 1061 3356 vel
1090 3293 1240 3377 subnigri

185 3393 308 3466 coloris,
327 3396 358 3453 et
380 3388 537 3471 ejusmodi
552 3395 589 3452 01
610 3391 700 3454 facile
716 3392 785 3473 ejus
808 3414 866 3475 ope
881 3394 942 3456 viri
964 3393 1172 3458 ecclesiastici
1195 3397 1237 3460 ab

187 3495 257 3558 aliis
274 3492 423 3559 omnibns
435 3490 684 3575 distinguantur.
730 3496 940 3561 Decernimus
951 3504 988 3561 ut
1002 3520 1114 3563 omnes
1130 3499 1239 3564 clerici

189 3597 313 3658 0011010
328 3596 507 3658 Romanum
519 3593 661 3656 deferant
677 3596 772 3658 etiam
787 3605 875 3662 extra
886 3601 1045 3683 propriam
1055 3601 1240 3665 dioecesim.

187 3696 346 3760 Volumus
362 3702 399 3759 01
418 3696 452 3758 111
467 3695 616 3759 omnibus
628 3696 769 3778 collegiis
785 3700 1017 3778 ecclesiasticis,
1035 3703 1236 3785 Superiores,

188 3797 396 3875 Professores,
429 3803 461 3860 et
493 3796 628 3860 Alumni
658 3801 755 3862 statui
788 3802 925 3866 clericali
962 3805 1115 3869 destinati
1152 3807 1240 3869 intra

188 3900 314 3963 moenia
328 3900 462 3983 collegii,
479 3905 512 3963 et
528 3899 704 3964 sacerdotes
719 3921 830 3967 omnes
846 3906 1021 3971 saeculares
1038 3908 1073 3971 in
1089 3907 1240 3972 domibus
