2572 4410
607 347 673 413 264

113 524 236 610 aliquid
257 523 379 601 datum,
395 521 602 606 promissum,
618 521 803 599 remissum,
819 521 870 587 vel
892 523 1038 589 oblatum
1053 546 1073 590 a
1095 547 1170 592 con·

112 627 239 694 trahere
254 626 449 703 volentibus,
465 623 515 689 vel
530 624 570 689 ab
584 624 648 689 alio
662 625 806 709 ipsorum
828 627 970 691 nomine.

157 729 215 795 VI.
239 731 468 813 Interrogatur,
479 749 520 791 an
529 733 699 810 cognoscat
713 728 802 811 ipsos
817 729 1004 794 contrahere
1013 731 1170 809 volentes,

114 839 148 898 et
162 855 181 897 a
196 839 315 917 quanto
337 839 491 914 tempore,
508 831 542 893 in
559 851 621 913 quo
642 830 722 907 loco,
740 851 803 914 qua
825 832 1002 912 occasione,
1019 839 1054 898 et
1076 836 1172 919 cujus

115 936 290 1021 qualitatis,
306 935 356 998 vel
371 933 563 997 conditionis
578 933 730 998 existant.

160 1039 195 1101 Si
210 1037 411 1122 responderit
426 1036 583 1118 negative,
601 1036 708 1100 Testis
724 1035 908 1100 dimittatur
916 1059 927 1118 5
952 1037 981 1102 si
995 1059 1069 1103 vero
1083 1036 1170 1104 affir-

115 1141 243 1204 mative.

158 1241 234 1309 VH.
258 1243 486 1324 Interrogetur,
503 1261 544 1304 an
560 1239 746 1305 contrahere
760 1238 903 1306 volentes
926 1242 994 1307 sint
1008 1243 1105 1322 cives,
1122 1244 1174 1310 rel

115 1345 215 1409 exteri
228 1367 237 1423 ;
263 1345 291 1409 si
306 1341 505 1427 responderit
515 1364 585 1407 esse
594 1350 729 1420 exteros,
742 1343 1029 1427 supersedeaturin
1038 1345 1174 1412 licentia

114 1445 333 1522 contrahendi,
351 1445 450 1509 donec
471 1467 528 1529 per
541 1445 666 1510 litteras
689 1444 851 1511 Ordinarii
873 1447 1019 1530 ipsorum
1043 1457 1172 1515 contra-

114 1547 191 1612 here
206 1549 393 1624 volentium,
411 1549 560 1611 doceatur
575 1548 614 1611 de
629 1569 739 1613 eorum
753 1548 853 1613 libero
869 1555 967 1627 statu,
984 1550 1023 1614 de
1038 1571 1077 1616 eo
1089 1559 1174 1616 tem·

114 1672 201 1736 pore,
219 1672 281 1735 quo
302 1657 546 1735 permanserunt
568 1651 602 1714 in
626 1672 685 1716 sua
706 1651 844 1728 civitate,
861 1651 911 1716 vel
926 1652 1074 1718 dioecesi.
1122 1655 1176 1720 Ad

115 1751 316 1839 probandum
338 1775 411 1817 vero
432 1753 617 1817 eorumdem
640 1753 825 1819 contrahere
847 1753 1025 1820 volentium
1049 1762 1176 1822 statum

114 1855 255 1921 liberum
278 1877 335 1940 pro
364 1855 487 1940 reliquo
516 1857 669 1941 temporis
699 1857 815 1940 spatie,
847 1857 969 1922 scilicet
998 1859 1178 1942 usquead

113 1965 253 2044 tempus,
270 1980 333 2043 quo
347 1958 460 2023 volunt
480 1959 676 2036 contrahere,
697 1959 909 2025 admittantur
929 1966 1030 2026 testes
1051 1961 1175 2039 idonei,

115 2063 172 2148 qui
195 2062 349 2146 legitime,
374 2068 407 2126 et
437 2059 665 2126 concludenter
691 2061 853 2145 deponant
882 2068 1004 2129 statum
1033 2063 1177 2128 liberum

116 2165 302 2229 contrahere
331 2165 517 2242 volentium,
548 2171 581 2229 et
609 2164 745 2229 reddant
774 2165 985 2230 sufficientem
1014 2166 1178 2232 rationem

116 2289 230 2333 causae
245 2290 354 2332 eorum
371 2268 533 2346 scientiae,
550 2267 670 2352 absque
692 2290 729 2331 eo
752 2266 837 2353 quod
860 2275 1029 2332 teneantur
1051 2268 1178 2334 deferre

116 2372 338 2435 attestationes
362 2371 604 2434 Ordinariorum
618 2371 770 2449 locorum,
787 2371 822 2434 in
846 2371 963 2457 quibus
985 2371 1178 2437 contrahere

116 2474 259 2538 volentes
274 2495 396 2538 moram
410 2479 588 2537 traxerunt.

162 2575 285 2640 sivero
300 2576 508 2660 responderit,
526 2576 712 2639 contrahere
727 2575 870 2641 volentes
885 2597 956 2641 esse
971 2577 1066 2642 cives.

160 2675 219 2740 IX.
243 2679 471 2760 interrogetur,
489 2678 549 2743 sub
565 2699 627 2762 qua
649 2679 799 2763 parochia
813 2679 969 2743 hactenus
985 2679 1178 2745 contrahere

116 2778 260 2844 volentes
275 2779 471 2856 habitarunt,
488 2780 537 2844 vel
552 2780 699 2845 habitent
714 2779 754 2845 de
769 2782 941 2865 praesenti.

160 2882 245 2945 Item
260 2902 300 2944 an
316 2882 385 2964 ipse
408 2881 515 2947 Testis
531 2885 621 2960 sciat,
639 2884 779 2968 aliquem
799 2905 838 2947 ex
860 2884 1031 2968 praedictis
1047 2891 1177 2949 contra·

116 2985 192 3049 here
203 2983 383 3048 volentibus
399 2986 586 3070 quandoque
601 2985 753 3051 habuisse
768 3008 910 3064 uxorem,
927 2988 977 3050 vel
991 2987 1160 3051 maritum.

162 3087 197 3151 Si
216 3087 415 3171 responderit
438 3086 634 3165 affirmative,
651 3111 716 3152 non
738 3090 927 3173 procedatur
941 3089 981 3152 ad
995 3089 1176 3168 licentiam,

116 3190 182 3255 nisi
203 3191 418 3275 producantur
441 3189 654 3268 authenticae,
671 3199 704 3257 et
727 3192 845 3275 legales
865 3192 1100 3271 attestationes,
1124 3193 1178 3257 vel

116 3298 217 3358 testes
241 3293 303 3357 fide
327 3293 428 3377 digni,
459 3299 491 3357 et
506 3295 722 3359 verisimiliter
745 3295 907 3358 informati
923 3295 961 3359 de
984 3294 1074 3359 obitu
1099 3316 1176 3361 con-

114 3395 204 3479 jugis
220 3395 374 3460 defuncti.

163 3498 198 3561 si
227 3521 299 3564 vero
326 3496 432 3564 Testis
455 3498 664 3584 responderit,
689 3521 754 3565 non
779 3497 932 3566 habuisse
960 3520 1095 3564 uxorem
1125 3502 1179 3565 vel

119 3601 285 3666 maritum.

161 3702 203 3768 X.
228 3703 445 3788 Interrogetur
466 3706 505 3770 de
528 3726 623 3770 causa
647 3707 807 3782 scientiae,
824 3712 856 3770 et
879 3727 919 3768 an
943 3705 986 3770 sit
1008 3705 1177 3789 possibile,

118 3807 202 3891 quod
217 3807 332 3890 aliquio
346 3829 385 3870 ex
404 3808 470 3872 illis
484 3808 633 3874 habuerit
652 3830 783 3874 uxorem
798 3809 847 3873 vel
862 3809 1025 3889 maritum,
1042 3814 1074 3873 et
1090 3809 1179 3894 quod

117 3909 186 3993 ipse
202 3908 308 3974 Testis
323 3910 454 3975 nesciat.
