2572 4410
531 620 670 686 xxvss.

386 790 431 836 DE
452 789 536 835 FOBO
557 788 816 836 ncoaasusuoo,

114 939 188 1004 258.
213 940 297 1004 Cum
312 961 351 1004 ex
365 939 472 1004 divina
483 960 543 1002 sua
551 940 755 1004 institutione
770 939 916 1003 Ecclesia
929 939 1067 1023 perfecta
1082 941 1126 1005 sit

76 1041 205 1105 societas
222 1043 283 1106 sub
297 1041 453 1125 regimine
470 1041 597 1104 Summi
612 1041 779 1104 Pontificio
796 1041 919 1104 Christi
940 1041 1068 1118 Vicarii,
1093 1049 1127 1105 et

72 1143 313 1228 Episcoporum,
341 1143 459 1228 quibus
486 1145 637 1228 competit
662 1152 805 1228 potestas
830 1144 918 1228 leges
944 1145 1076 1223 ferendi,
1093 1153 1127 1210 et

71 1265 181 1310 causas
207 1246 360 1310 audiendi
384 1252 416 1308 et
440 1245 611 1309 dirimendi
641 1267 676 1308 ae
698 1245 807 1330 legum
829 1246 1065 1310 observantiam
1094 1248 1126 1310 vi

70 1352 205 1415 coactiva
221 1359 253 1415 et
268 1351 379 1435 poenis
395 1349 553 1433 exigendi,
578 1350 713 1412 existere
740 1349 833 1413 debet
847 1351 952 1413 forum
975 1349 1126 1432 judiciale

68 1455 327 1518 ecclesiasticum.
374 1452 475 1530 Quale
501 1453 630 1535 quidem
660 1453 766 1516 forum
793 1453 1031 1535 agnoscendum
1056 1472 1126 1515 esse

67 1557 159 1621 verba
182 1557 306 1622 Christi
328 1556 551 1620 demonstrant
564 1557 689 1620 2—“Si
714 1557 889 1640 peccaverit
911 1556 946 1618 in
971 1561 1004 1620 te
1030 1557 1127 1619 frater

68 1660 178 1724 “tuus
195 1705 370 1726 ......
387 1659 437 1722 dic
452 1658 624 1723 Ecclesiae.
670 1660 705 1722 Si
728 1665 836 1723 autem
858 1659 1038 1723 Ecclesiam
1061 1681 1125 1723 non

66 1762 87 1793 “
99 1763 250 1839 audierit,
269 1762 312 1825 sit
326 1762 386 1825 tibi
402 1762 485 1825 sicut
507 1761 658 1826 ethnicus
678 1768 710 1825 et
731 1761 957 1845 publicanus,'’
974 1768 1007 1825 et
1021 1762 1077 1825 illa
1094 1763 1125 1825 S.

62 1864 168 1942 Pauli,
195 1866 380 1928 “adversus
404 1863 625 1948 presbyterum
649 1865 882 1928 accusationem
896 1864 963 1928 noli
985 1865 1126 1947 accipere

62 1970 86 2000 “
101 1970 169 2031 nisi
184 1969 246 2032 sub
260 1969 385 2032 duobus
402 1969 451 2031 vel
467 1968 571 2031 tribus
587 1969 754 2031 testibus.”

107 2074 184 2137 259.
208 2072 296 2135 Hinc
311 2071 391 2134 Pius
402 2070 460 2134 VI.
473 2071 506 2132 in
517 2070 627 2135 Gonst.
637 2070 808 2133 Auctorem
822 2070 920 2133 Fidei
929 2091 984 2133 eos
993 2069 1125 2133 damnat

58 2177 118 2260 qui
134 2176 248 2240 dicunt
262 2174 424 2239 Ecclesiae
439 2196 504 2238 non
520 2175 621 2238 fuisse
637 2196 655 2237 a
670 2176 738 2238 Deo
762 2175 909 2238 collatam
931 2180 1124 2258 potestatem

57 2300 127 2342 non
144 2279 249 2342 solum
271 2277 430 2360 dirigendi
452 2299 508 2361 per
532 2278 666 2340 consilia
692 2284 724 2341 et
750 2278 916 2341 suasiones
943 2277 998 2340 sed
1025 2278 1123 2340 etiam

51 2380 195 2463 jubendi
209 2401 265 2463 per
280 2379 368 2463 leges
384 2401 419 2442 ae
434 2379 542 2443 devios
558 2385 822 2462 contumacesque
835 2380 990 2444 exteriore
998 2379 1121 2463 judicio

56 2502 95 2544 ao
111 2481 305 2544 salutaribus
319 2481 430 2564 poenis
446 2481 610 2544 coercendi
626 2487 720 2562 atque
736 2475 879 2564 cogendi.

101 2583 179 2646 260.
202 2583 285 2646 Cum
308 2604 325 2645 e
347 2582 454 2646 divino
476 2584 634 2665 primatus
662 2585 735 2666 jure
765 2584 932 2647 Romanus
969 2584 1120 2648 Pontifex

55 2687 226 2748 universae
256 2684 420 2748 Ecclesiae
450 2685 580 2767 praesit,
613 2684 795 2748 Concilium
822 2686 1013 2750 Vaticanum
1043 2709 1118 2751 eum

56 2809 129 2852 esse
152 2788 323 2852 declaravit
341 2787 483 2871 judicem
499 2810 684 2871 supremum
700 2790 853 2866 fidelium,
868 2797 901 2853 et
916 2791 951 2853 in
966 2792 1117 2856 omnibus

56 2894 165 2957 causis
198 2893 238 2956 ad
268 2913 401 2956 examen
435 2892 687 2956 ecclesiasticum
711 2894 928 2976 spectantibus
951 2895 990 2957 ad
1012 2896 1115 2978 ipsius

55 3018 150 3080 posse
161 2997 320 3081 judicium
334 2999 464 3062 recurri.
512 2996 588 3082 Ipse
605 3001 713 3082 itaque
727 3022 783 3084 per
798 2984 984 3065 universum
1005 3003 1113 3068 orbem

55 3120 169 3162 causas
195 3100 354 3184 ejusmodi
377 3101 526 3163 dirimere
548 3101 597 3163 vel
622 3101 720 3164 etiam
743 3102 784 3166 ad
806 3123 840 3166 se
862 3124 972 3166 vocare
993 3111 1111 3187 potest.

48 3202 143 3266 Hinc
155 3225 291 3287 quoque,
303 3209 340 3266 ut
350 3210 448 3286 patet,
465 3204 506 3268 ad
520 3205 627 3287 ipsum
644 3213 765 3288 spectat
780 3207 934 3270 formulas
945 3208 1114 3272 observan-

53 3302 113 3368 das
149 3306 185 3368 in
217 3307 350 3390 judiciis
388 3307 611 3371 ecclesiasticis
656 3310 839 3374 exercendis
886 3312 1108 3393 praescribere,

52 3427 230 3493 omnesque
246 3411 355 3474 fideles
369 3418 437 3474 tam
452 3413 521 3495 ejus
539 3411 671 3494 judiciis
687 3435 783 3497 quam
807 3414 965 3496 ejusmodi
990 3417 1111 3498 regulis

53 3533 89 3576 11
105 3513 293 3577 submittere
308 3520 470 3577 tenentur.

99 3614 142 3677 26
195 3615 363 3678 Praeterea
390 3616 464 3698 jure
494 3615 600 3679 divino
628 3623 661 3680 et
689 3617 721 3680 vi
746 3617 961 3681 institutionis
989 3617 1111 3682 Christi

10 3791 21 3812 ἱ
52 3684 168 3799 Episc'5
196 3718 208 3778 i
230 3721 422 3795 potestatem
440 3716 641 3798 judiciariam
662 3717 782 3781 habent
797 3717 858 3780 sibi
872 3719 1032 3801 propriam
1048 3740 1110 3803 qua

17 3814 23 3825 ’
53 3838 157 3902 neque
169 3818 299 3901 spoliari
308 3838 410 3901 neque
423 3839 457 3882 se
466 3818 610 3882 abdicare
621 3825 768 3901 possunt,
781 3840 877 3902 quam
888 3819 938 3882 vel
948 3841 1005 3903 per
1016 3821 1110 3886 11111

52 3920 273 4003 petricorium
285 3924 341 3984 aut
356 3919 454 3984 alium
469 3941 690 4004 quemcunque
705 3921 745 3986 ad
760 3927 876 3986 nutum
891 3923 1108 4002 revocabilem,
