2572 4410
678 395 744 461 252

181 593 343 637 occanere
371 568 524 648 volentes,
548 569 676 654 plenam
701 568 884 631 earumdem
908 570 1130 634 recensionem
1155 568 1224 648 fieri,

183 674 347 759 Nobisque
375 674 509 757 proponi
542 670 713 755 jussimus,
746 676 784 735 ut
813 671 962 754 diligenti
991 671 1138 737 adhibita
1165 693 1230 738 eon·

184 778 384 853 sideratione,
402 778 627 852 statueremus,
645 794 803 859 quasnam
824 775 946 838 exiliis
970 795 1094 839 servare
1109 797 1145 840 ac
1165 777 1233 841 reti·

183 902 258 944 nere
281 885 447 964 oporteret,
472 899 552 963 quas
573 900 646 941 vero
666 877 824 941 moderari
849 883 905 940 aut
931 874 1082 962 abrogare
1108 901 1237 964 congru·

183 989 262 1047 eret.
311 983 362 1044 Ea
396 983 497 1064 igitur
536 981 718 1044 recensione
758 986 894 1063 peracta,
932 1002 968 1043 ac
996 981 1239 1047 Venerabilibus

183 1084 350 1149 Fratribus
374 1083 501 1148 Nostris
524 1084 556 1146 S.
574 1084 613 1146 R.
630 1084 672 1145 E.
691 1082 916 1147 Cardinalibus
930 1083 965 1146 in
988 1085 1129 1167 negotiis
1151 1085 1240 1149 Fidei

182 1186 393 1254 Generalibue
423 1186 676 1271 Inquisitoribus
710 1208 767 1270 per
804 1187 986 1250 universam
1019 1185 1240 1253 ChrIstianam

181 1289 425 1374 Rempublicam
449 1290 611 1373 deputatis
636 1290 672 1352 in
697 1290 869 1353 consilium
895 1288 1038 1367 adscitis,
1063 1311 1164 1374 reque
1188 1289 1241 1355 diu

182 1414 218 1458 ac
241 1399 367 1456 mature
389 1413 554 1476 perpensa,
572 1398 662 1456 motu
685 1392 823 1476 proprio,
841 1393 927 1456 certa
951 1393 1096 1470 scientia,
1118 1399 1247 1458 matura

181 1495 408 1560 deliberatione
430 1494 557 1571 Nostra,
575 1493 678 1578 deque
692 1493 895 1578 Apostolicae
917 1494 1057 1559 Nostrae
1072 1498 1241 1582 potestatis

180 1596 382 1683 plenitudine
405 1597 466 1661 hac
491 1604 644 1682 perpetuo
669 1598 807 1661 valitura
833 1597 1076 1662 Constitutione
1102 1598 1240 1663 decerni-

182 1721 267 1778 mus,
303 1707 341 1765 ut
370 1722 410 1765 ex
438 1701 693 1786 quibuscumque
719 1701 863 1764 censuris
894 1703 960 1766 sive
989 1703 1236 1766 excommunica·
1277 1742 1280 1749 ·

182 1805 291 1881 tionis,
306 1806 372 1868 sive
387 1804 618 1888 suspensionis,
643 1805 708 1866 sive
731 1801 904 1880 interdicti,
923 1825 1004 1889 quae
1026 1825 1084 1887 per
1110 1805 1235 1869 modum

182 1909 266 1972 latae
293 1908 479 1984 sententiae,
507 1908 640 1991 ipsoque
665 1905 748 1970 facto
771 1907 979 1970 incurrendae
1002 1907 1162 1973 hactenus
1183 1908 1233 1972 im-

182 2011 305 2095 positae
322 2016 409 2089 sunt,
427 2007 557 2074 nonnisi
580 2010 664 2086 illae,
682 2029 761 2094 quas
784 2009 819 2071 in
838 2007 899 2072 hac
913 2010 984 2093 ipsa
1000 2009 1234 2076 Constitutione

182 2115 367 2190 inserimus,
385 2134 485 2197 eoque
510 2111 616 2188 modo,
637 2133 700 2196 quo
725 2113 908 2189 inserimus,
925 2111 1023 2176 robur
1045 2114 1165 2178 exinde
1184 2113 1233 2178 ha·

183 2215 298 2294 beant;
324 2217 421 2280 simul
442 2215 654 2292 declarantes,
674 2214 801 2278 easdem
824 2236 889 2278 non
913 2215 1009 2279 modo
1035 2238 1075 2279 ex
1100 2223 1235 2281 veterum

183 2340 342 2383 canonum
368 2316 560 2383 auctoritate
583 2323 744 2402 quatenus
764 2339 838 2380 eum
861 2319 921 2381 hac
938 2317 1056 2382 Nostra
1076 2320 1235 2383 Constitu·

183 2423 271 2486 tione
291 2420 496 2498 conveniunt,
520 2442 630 2486 verum
653 2422 750 2484 etiam
766 2443 805 2484 ex
826 2420 887 2484 hac
909 2422 979 2505 ipsa
1002 2419 1237 2487 Constitutione

183 2523 311 2604 Nostra,
328 2547 391 2589 non
410 2546 501 2589 secus
527 2546 563 2587 ac
584 2525 612 2588 si
636 2525 777 2607 primum
800 2525 907 2589 editae
923 2524 962 2588 ab
977 2547 1015 2589 ea
1028 2526 1163 2604 fuerint,
1179 2526 1236 2590 vim

185 2649 276 2691 suam
292 2649 423 2711 prorsus
436 2628 577 2713 accipere
592 2627 717 2692 debere.

212 2881 571 2944 Excennuuroarronns
598 2901 700 2944 aaran
725 2900 928 2946 sauraurnnc
954 2897 1102 2946 eruemur
1125 2900 1213 2945 mono

425 2984 563 3048 Romano
586 2984 758 3048 Pourrrrer
780 2984 1008 3059 Rusucmona.

226 3120 340 3204 Itaque
364 3118 685 3185 excommunicationi
705 3121 791 3184 latae
807 3122 984 3186 sententiae
1000 3122 1136 3206 speciali
1151 3118 1241 3185 modo

183 3225 327 3290 Romano
343 3221 492 3287 Pontifici
507 3231 683 3288 reservatae
699 3224 861 3310 subjacere
874 3225 1072 3289 declaramus
1087 3246 1144 3288 :—

228 3362 258 3422 1.
283 3357 403 3424 Omnes
431 3381 449 3422 a
465 3359 651 3423 Christiana
674 3358 738 3424 fide
761 3363 933 3445 apostatas,
952 3366 983 3423 et
999 3381 1110 3423 omnes
1126 3381 1162 3422 ac
1178 3359 1240 3422 sin·

182 3463 276 3546 gulos
291 3456 479 3540 haereticos,
498 3484 700 3547 quocumque
715 3465 845 3528 nomine
868 3465 1068 3539 censeantur,
1085 3468 1119 3526 et
1135 3459 1241 3544 cujus·

182 3587 318 3647 cumque
343 3571 446 3627 sectae
472 3567 621 3643 existant,
648 3568 758 3649 eisque
788 3567 963 3642 credentes
991 3586 1166 3650 eorumque
1196 3585 1241 3628 re·

181 3668 336 3750 captores,
363 3666 514 3746 fautores,
549 3689 584 3731 ac
622 3671 810 3752 generaliter
846 3669 1007 3754 quoslibet
1035 3669 1168 3732 illorum
1191 3667 1243 3731 de·

180 3769 333 3833 senseras.

225 3873 257 3936 2.
282 3869 402 3936 Omnes
418 3873 450 3936 et
466 3872 612 3957 singulos
636 3875 772 3939 scienter
792 3877 935 3961 legentes
960 3876 1030 3940 sine
1054 3873 1245 3938 auctoritate

182 3975 274 4039 Sedis
289 3973 491 4058 Apostolicae
514 3975 615 4042 libros
640 3979 825 4044 eorumdem
845 3980 1066 4064 apostatarum
1086 3983 1120 4041 et
1134 3975 1265 4041 haere·-
