2572 4410
599 652 690 718 XLI.

432 801 476 846 DE
499 801 583 846 OURA
605 801 857 847 Dnsuucrouuu.

160 904 235 968 355.
258 904 312 965 Ex
336 903 431 967 Sacra
454 902 617 987 Scriptura
638 903 793 966 discimus
809 908 952 968 sanctam
967 908 1000 965 et
1015 901 1179 965 salubrem

116 1009 343 1091 cogitationem
359 1028 429 1071 esse
443 1028 501 1090 pro
516 1007 679 1071 defunctis
694 1028 782 1071 orare
798 1013 836 1070 ut
852 1028 870 1070 a
894 1007 1033 1090 peccatis
1049 1007 1178 1070 solvan·

76 1149 80 1158 ·
115 1117 181 1188 tur,
198 1117 231 1175 ct
246 1111 427 1175 Concilium
450 1110 676 1174 Tridentinum
691 1111 837 1175 definivit
862 1112 986 1174 animas
1000 1111 1036 1173 in
1057 1131 1177 1193 purga·

116 1217 200 1279 torio
244 1215 389 1278 detentas
437 1215 582 1279 fidelium
628 1214 801 1297 suffragiis,
847 1215 1054 1298 potissimum
1100 1233 1177 1276 vero

116 1317 301 1400 acceptabili
312 1317 421 1380 altaris
437 1317 588 1380 sacrificio
600 1318 715 1401 juvari.
745 1315 846 1398 (Soss.
859 1318 911 1394 25,
922 1317 990 1380 dec.
1001 1316 1040 1379 de
1052 1316 1176 1398 Purga-

115 1419 223 1496 torio.)
269 1419 356 1482 Hinc
380 1419 628 1483 consuetudines
647 1419 717 1502 pias
741 1418 814 1482 illas
839 1440 921 1502 quae
944 1417 1022 1483 adeo
1049 1418 1175 1481 invalu-

116 1526 211 1584 erunt
232 1521 267 1583 in
283 1521 450 1596 Hibernia,
466 1521 629 1604 psalmum
652 1522 704 1584 Do
724 1521 903 1602 Profundis
926 1525 1000 1603 post
1027 1519 1175 1603 singulas
1205 1587 1212 1600 ,

116 1623 232 1685 missas
265 1623 431 1698 recitandi,
447 1642 556 1705 preces
581 1623 731 1706 privatim
754 1643 812 1707 pro
839 1623 977 1686 mortuis
1003 1621 1173 1698 fundendi,

116 1744 211 1809 opera
234 1724 468 1788 misericordiae
482 1723 656 1807 peragendi
672 1730 703 1788 et
718 1724 905 1808 providendi
920 1730 958 1789 ut
981 1724 1100 1787 missae
1113 1743 1174 1805 pro

116 1829 163 1893 eis
194 1828 405 1912 celebrentur,
434 1828 523 1892 omni
559 1849 635 1892 cura
667 1827 839 1893 servandas
870 1832 902 1891 et
940 1826 1175 1911 promovendas

116 1932 350 1997 existimamus.

159 2036 232 2100 356.
254 2036 357 2099 Missa
370 2036 530 2100 Solemnis
542 2042 598 2101 aut
610 2036 749 2101 officium
758 2057 815 2121 pro
827 2034 988 2100 defunctis
999 2034 1131 2098 nonnisi
1140 2035 1176 2097 in

115 2135 272 2201 Ecclesiis
310 2139 498 2202 celebretur.
567 2139 602 2201 si
629 2138 788 2202 absolutio
826 2137 930 2201 danda
961 2138 1076 2215 sitin
1109 2137 1176 2200 fine

115 2238 250 2315 Missae,
268 2240 307 2303 ab
332 2262 369 2303 eo
385 2240 480 2303 detur
500 2241 556 2322 qui
570 2240 707 2302 Missam
722 2240 901 2303 celebravit.
949 2240 984 2303 Si
998 2259 1071 2302 vero
1093 2241 1176 2303 forte

116 2340 200 2405 adsit
224 2343 419 2425 Episcopus,
435 2342 511 2406 licet
533 2365 597 2407 non
613 2343 827 2419 celebraverit,
859 2344 929 2426 ipse
958 2343 1058 2404 ritum
1081 2339 1173 2402 abso·

113 2444 249 2509 lutionis
271 2468 419 2530 peragere
445 2452 561 2532 potest
607 2448 642 2510 Si
671 2469 735 2530 quo
765 2448 799 2509 in
838 2447 917 2521 loce,
948 2447 982 2509 in
1014 2443 1174 2506 Hibernia

116 2547 218 2610 missa
256 2549 409 2611 solemnis
447 2549 485 2611 dc
522 2549 676 2629 Requiris
711 2550 751 2612 ob
791 2550 933 2632 inopiam
972 2545 1172 2611 sacerdotum

115 2650 267 2714 celebrari
289 2672 353 2714 non
377 2650 480 2733 possit
496 2650 555 2714 SS.
572 2652 611 2712 D.
627 2650 707 2714 Pius
727 2650 786 2713 IX.
801 2651 984 2714 facultatem
1001 2648 1172 2724 concessit,

114 2758 153 2815 ut
179 2755 248 2836 ejus
270 2754 350 2831 loco,
374 2760 542 2836 praesente
572 2754 731 2829 cadavere,
756 2755 857 2818 missa
886 2754 1008 2836 privata
1029 2773 1086 2836 pro
1117 2750 1174 2813 de·

114 2858 233 2920 functis
248 2857 312 2939 legi
326 2858 439 2939 possit.
488 2857 552 2935 (Ex
568 2857 735 2939 Rescripta
751 2859 793 2922 29
809 2859 911 2933 Junii,
928 2856 1039 2933 1862.)

158 2962 233 3027 357.
257 2961 394 3043 Vigiliae
408 2962 567 3043 profanae,
585 2967 751 3043 praesente
766 2960 924 3035 cadavere,
942 2980 1015 3022 cum
1031 2957 1172 3034 lusibus,

113 3064 246 3143 choreis,
264 3064 561 3147 compotationibus,
580 3069 612 3126 ct
627 3064 785 3139 cantibus,
803 3085 883 3147 quae
899 3064 1007 3127 omnia
1034 3062 1171 3125 domum

113 3165 220 3229 luctus
236 3166 399 3242 dedecent,
417 3167 548 3229 omnino
564 3187 582 3228 a
597 3166 743 3247 parochis
763 3166 1004 3249 prohibeantur.
1052 3163 1173 3226 Caveat

114 3289 238 3352 quoque
259 3269 417 3352 parochus
453 3289 494 3331 ne
524 3268 579 3331 alii
609 3271 644 3331 in
678 3270 772 3333 domo
809 3269 952 3332 defuncti
981 3272 1174 3351 pernoctent

112 3378 238 3453 praeter
264 3372 418 3435 familiam
434 3377 466 3434 et
490 3372 651 3454 proximos
672 3374 939 3454 consanguineos
984 3371 1081 3434 Illam
1095 3390 1171 3432 vero

113 3472 274 3536 funestam
296 3480 330 3536 et
350 3472 468 3556 populo
493 3472 676 3537 Christiano
711 3475 879 3538 exitiosam
902 3472 1171 3537 consuetudinem

115 3581 339 3664 suppeditandi
368 3585 481 3665 potum
503 3579 715 3644 inebriantem
745 3581 780 3643 in
815 3580 910 3644 domo
940 3579 1093 3654 defuncti,
1118 3577 1171 3641 vel

112 3704 211 3768 prope
233 3685 340 3750 locum
366 3686 558 3768 sepulturae,
590 3687 720 3750 omnino
743 3687 948 3770 reprobamus
960 3709 970 3765 3
1002 3685 1173 3750 hortamur

113 3807 186 3851 vero
201 3788 379 3871 Episcopos
394 3794 431 3851 ut
447 3787 668 3872 delinquentes
682 3788 742 3852 hac
756 3789 790 3851 in
806 3809 841 3852 re
856 3789 994 3873 graviter
1008 3787 1161 3871 plectant.

157 3889 232 3952 353.
256 3890 345 3954 Dum
356 3889 486 3953 cadaver
501 3890 681 3973 exponitur,
698 3892 845 3955 convenit
855 3898 891 3955 ut
903 3893 984 3955 fiant
994 3911 1104 3974 preces
1113 3911 1173 3974 pro
