2572 4410
604 352 672 421 880

110 527 221 598 tudini
235 537 311 594 tuae
326 524 507 612 significare
521 548 588 592 non
609 522 835 611 praetermitto
853 523 964 589 omnia
984 523 1019 588 et
1041 520 1168 607 singula

112 651 195 714 quae
216 629 368 713 superius
390 628 518 692 decreta
540 628 620 691 sunt
637 626 738 690 SSffro
763 623 806 689 D.
822 624 865 688 N.
881 622 942 688 Pio
957 620 1022 686 PP.
1037 621 1099 687 lx.
1115 642 1169 706 per

112 754 165 797 me
183 731 282 796 relata
298 728 400 794 fuisse
414 731 451 793 in
464 728 632 793 audientia
654 725 762 793 81618
785 725 936 792 Octobris
958 722 1060 809 elapsi
1083 726 1167 802 anni,

112 854 213 918 eaque
228 856 247 897 a
263 834 443 898 Sanctitate
460 829 527 897 Sua
540 833 575 895 in
591 828 742 896 omnibus
762 830 938 914 adprobata
958 830 1063 893 fuisse
1077 835 1170 912 atque

111 934 289 1019 apostolica
305 933 497 997 auctoritate
513 933 712 996 confirmata.

157 1036 283 1101 Datum
298 1037 418 1099 Romae
439 1054 478 1098 ex
500 1032 643 1099 Aedibus
660 1033 696 1100 8.
712 1031 983 1117 congregationis
998 1033 1038 1098 de
1052 1033 1172 1118 Propa-

113 1138 220 1220 ganda
234 1135 315 1200 Fide
331 1136 439 1200 81625
455 1134 624 1204 Februarii
640 1137 737 1202 1859.

244 1233 482 1319 Amplitudinis
496 1236 585 1300 Tuae

420 1337 479 1403 Uti
493 1337 612 1402 Frater
627 1337 879 1403 addictissimus.

160 1509 190 1570 1.
215 1506 272 1568 Ea
289 1505 394 1568 dubiis
408 1507 583 1586 propositis
595 1527 657 1588 pro
675 1506 861 1569 christiania
879 1505 1078 1570 Siaecaibaa.
1122 1504 1177 1569 Ad

114 1606 319 1692 propositum
342 1605 478 1672 dubium
502 1609 590 1672 “An
612 1607 835 1674 sacerdotibus
863 1609 1051 1674 sinensibus
1077 1609 1178 1674 liceat

115 1709 150 1770 in
172 1707 343 1770 itineribus
366 1727 447 1790 quae
469 1706 661 1787 longissima
684 1711 763 1773 sunt
782 1731 891 1773 secum
907 1708 1030 1773 deferre
1044 1708 1177 1773 Eucha-

115 1806 244 1869 ristiam
259 1826 300 1869 ne
315 1825 355 1869 ea
369 1805 581 1889 priventur‘l'’
627 1807 725 1891 Resp.
766 1808 840 1872 Non
850 1809 958 1872 licere.
1004 1808 1178 1889 (1116111166-

115 1910 204 1968 tores
225 1905 259 1969 S.
278 1906 315 1968 Ο.
331 1906 382 1969 816
402 1908 444 1973 27
469 1904 584 1971 Martii
605 1909 701 1985 1865,
724 1914 758 1971 61
778 1909 857 1971 Eir‘ri
879 1909 1100 1992 approbarunt
1122 1910 1177 1973 die

118 2006 159 2068 15
174 2004 267 2087 April
284 2006 380 2069 1865.

160 2108 193 2170 2.
216 2107 280 2171 Pro
303 2108 581 2173 Gubernatoribus
597 2105 730 2172 navium
750 2107 939 2173 Lusitaniae
959 2106 1017 2192 qui
1037 2105 1179 2191 singulis

117 2208 214 2272 annis
237 2209 272 2270 in
295 2206 406 2271 indias
428 2208 598 2271 orientales
619 2209 782 2290 navigant,
799 2205 987 2291 petentibus
1007 2207 1180 2270 licentiam

116 2308 280 2372 deferendi
297 2317 533 2373 sacramentum
544 2307 781 2386 Eucharistiae,
795 2331 836 2373 ne
848 2317 963 2375 nautae
975 2316 1008 2374 et
1022 2309 1180 2373 Rectores

117 2412 187 2474 sine
209 2408 328 2474 viatico
351 2411 514 2475 decedant.
559 2409 661 2475 Lecto
684 2408 864 2476 memoriali
887 2413 920 2475 61
945 2410 1068 2476 auditis
1091 2411 1180 2474 votis

119 2514 241 2577 SSrTrus
267 2513 482 2596 supradictam
504 2512 696 2597 petitionem
719 2516 853 2579 omnino
874 2512 985 2598 rejecit
992 2538 1001 2591 ;
1025 2512 1072 2578 ita
1091 2514 1181 2596 quod

117 2609 227 2675 necin
245 2618 410 2694 posterum
432 2613 500 2677 ullo
522 2613 618 2677 medo
641 2613 680 2678 de
703 2635 740 2677 ea
761 2619 928 2677 tractetur.
976 2611 1011 2678 S.
1028 2612 1066 2676 O.
1085 2613 1119 2675 S.
1138 2611 1179 2678 Ο.

116 2712 169 2775 die
187 2713 227 2774 18
244 2709 434 2776 1111111660.

161 2814 192 2876 8.
216 2811 338 2876 Β61168.
361 2813 451 2877 XIV.
473 2816 566 2878 Iactor
594 2816 777 2897 omnipatris
809 2818 902 2899 “pro
925 2813 1045 2880 Incolis
1069 2816 1178 2896 Regni

120 2911 251 2981 serviae
263 2921 295 2979 et
306 2913 521 2981 finitimarum
533 2917 746 3001 Regionum.”
781 2919 854 2980 “At
865 2918 922 2981 ubi
935 2915 1046 2996 (sicuti
1057 2915 1179 2981 ibidem

116 3017 247 3101 legitur)
261 3020 438 3083 Turcarum
449 3017 497 3084 vis
508 3020 667 3103 praevalet
679 3021 711 3083 61
722 3016 886 3104 iniquitas,
898 3018 1045 3085 sacerdos
1058 3018 1180 3083 stolam

118 3139 246 3202 semper
268 3115 383 3183 habeat
405 3123 590 3204 coopertam
612 3118 778 3197 restibus3
802 3122 836 3184 in
860 3119 985 3184 sacculo
1007 3138 1066 3182 seu
1080 3117 1181 3182 bursa

117 3221 262 3304 pixidem
284 3221 437 3284 recondat
459 3241 555 3304 quam
578 3241 635 3304 per
657 3220 819 3284 funiculos
841 3218 922 3283 collo
945 3238 1120 3302 appensam
1144 3219 1180 3280 in

117 3323 194 3386 sinu
214 3324 349 3405 reponat
371 3328 404 3386 et
425 3342 594 3406 nunquam
617 3323 707 3386 solus
730 3322 890 3405 procedat,
908 3319 1046 3385 seduno
1063 3319 1181 3384 saltem

119 3419 217 3499 fideli,
234 3424 271 3485 in
285 3422 411 3486 defectu
427 3420 553 3501 Clerici,
570 3419 777 3486 associetur.’'

163 3521 195 3583 4.
220 3518 386 3585 Honorius
413 3520 475 3584 ΠΙ.
502 3519 537 3583 111
564 3543 631 3604 cap.
659 3521 745 3584 Scae
776 3519 815 3583 de
845 3515 1058 3582 celebratione
1080 3513 1179 3581 Miss.

117 3641 268 3705 expresse
283 3620 381 3685 habet
396 3622 435 3686 86
450 3621 609 3686 8616116116
628 3615 857 3683 Eucharistiae
877 3617 963 3701 quod
979 3618 1007 3681 si
1024 3613 1093 3679 “in
1108 3638 1181 3699 par-

119 3723 208 3788 tibus
234 3722 414 3788 infidelium
439 3725 479 3789 ob
506 3725 732 3789 necessitatem
764 3720 795 3787 S.
822 3718 939 3787 Viatici
964 3719 1179 3804 permittitur,

118 3833 231 3890 tamen
247 3833 335 3890 extra
349 3829 573 3898 necessitatem
596 3823 811 3909 permittenda
831 3828 973 3899 nonest,
990 3842 1064 3884 cum
1081 3818 1182 3884 hodie

119 3923 350 3991 Ecclesiastica
384 3926 456 4010 lege
493 3927 639 3992 absolute
675 3921 876 4008 prohibitum
914 3918 957 3986 sit
987 3924 1025 3983 111
1053 3919 1181 3982 occulte
