2572 4410
670 300 714 366 82

166 507 242 552 casu
257 486 362 550 danda
376 490 426 549 est
439 484 627 550 benedictio.
672 480 764 570 (Dec.
790 485 858 549 Sao.
881 484 982 569 Oon'g.
995 484 1062 548 Rit.
1077 485 1158 550 Jun.
1174 487 1216 554 27

166 613 217 657 an.
233 592 339 670 1868.)

210 697 264 763 72.
287 695 405 759 Nullus
442 700 556 758 cantus
593 695 658 758 nisi
693 695 809 778 gravis,
841 699 874 758 et
904 693 1151 772 ecclesiasticus,
1183 695 1218 757 in

166 800 321 866 Ecclesiis
336 798 535 862 adhibeatur.
580 799 729 862 Rectores
745 798 994 862 Seminariorum
1009 805 1130 874 curent,
1145 820 1220 882 pro-

166 903 282 986 positis
311 902 408 965 etiam
444 901 605 985 praemiis,
636 907 674 964 ut
704 901 826 963 alumni
854 903 889 964 in
926 902 1032 965 Contu
1068 903 1157 984 gravi
1186 907 1219 965 et

166 1004 377 1069 ecclesiastico
403 1002 483 1066 bene
508 1003 731 1078 instituantur,
755 1007 854 1086 utque
876 1024 982 1068 sacras
1003 1004 1220 1067 caeremonias

166 1107 263 1190 probe
278 1107 428 1169 ediscant.

210 1212 263 1278 73.
287 1210 379 1273 Libri
402 1230 474 1273 vero
499 1207 642 1272 chorales
664 1215 697 1272 et
716 1209 858 1292 liturgici
871 1229 972 1290 nuper
993 1207 1186 1273 Ratisbonae
1200 1231 1221 1273 a

170 1315 295 1389 Postet,
321 1311 501 1396 Bibliopola
525 1312 700 1390 catholico,
726 1313 804 1376 editi
830 1312 864 1375 in
887 1313 999 1377 missis
1023 1319 1055 1376 et
1078 1314 1221 1396 vesperis

166 1415 333 1481 cantandis
370 1421 437 1478 tam
467 1416 501 1478 in
547 1415 735 1479 Seminariis
763 1436 860 1498 quam
889 1414 1045 1480 Ecclesiis
1085 1415 1221 1498 posthac

166 1519 403 1602 quamprimum
419 1517 640 1583 adhibeantur.
692 1519 740 1581 Hi
770 1539 885 1602 nempe
905 1518 979 1581 libri
1000 1540 1019 1582 a
1040 1518 1116 1583 Sriio
1146 1519 1222 1583 Drio

168 1621 227 1685 Pio
242 1621 303 1686 IX.
314 1621 491 1703 plurimum
501 1620 763 1685 commendantur
774 1641 811 1684 eo
823 1619 908 1704 quod
917 1621 952 1683 in
963 1621 1010 1684 eis
1022 1620 1062 1684 ad
1072 1642 1222 1684 normam

165 1729 308 1788 veterum
323 1726 614 1809 manuscriptorum
625 1724 788 1788 Ecclesiae
798 1724 960 1788 Romanae
971 1745 1064 1789 verus
1075 1731 1107 1788 et
1118 1746 1222 1808 genu·

164 1830 241 1893 inus
264 1835 377 1892 cantus
404 1829 621 1912 Gregorianus
646 1829 789 1892 tradatur
813 1833 845 1892 et
870 1831 941 1892 “eo
966 1829 1017 1892 vel
1042 1830 1157 1912 magis,
1182 1836 1223 1894 ut

167 1933 289 1996 “addit
303 1932 389 1996 idem
405 1933 563 2009 Pontifex,
581 1931 665 2016 quod
685 1933 727 1996 sit
747 1932 838 1996 nobis
858 1933 995 1997 maxime
1015 1934 1049 1996 in
1070 1935 1164 2011 rotie,
1182 1940 1224 1998 ut

167 2036 189 2065 “
201 2057 275 2099 cum
290 2036 324 2098 in
340 2035 471 2098 caeteris
486 2055 566 2119 quae
581 2035 621 2098 ad
636 2056 756 2098 sacram
776 2035 938 2118 liturgiam
960 2036 1130 2117 pertinent,
1146 2041 1223 2100 tum

167 2141 189 2171 “
200 2141 297 2204 etiam
307 2141 341 2202 in
357 2145 462 2214 cantu,
475 2160 540 2202 una
555 2139 677 2202 cunctis
692 2141 726 2202 in
737 2139 814 2202 locis
830 2145 862 2202 et
877 2138 1084 2217 dioecesibus,
1094 2139 1222 2204 eadem-

168 2244 189 2274 “
203 2265 264 2326 que
278 2243 359 2306 ratio
375 2246 526 2318 servetur,
544 2263 605 2325 qua
628 2241 771 2304 Romana
792 2241 895 2304 utitur
916 2241 1095 2305 Ecclesia.''
1142 2243 1220 2326 (Ep.

167 2346 294 2410 PiiPP.
312 2346 371 2410 IX.
389 2349 431 2408 30
445 2346 536 2422 Maii,
555 2347 662 2423 1873.)

210 2449 261 2514 74.
284 2448 375 2510 Intra
389 2446 565 2509 Missarum
582 2447 735 2510 solemnia
750 2446 833 2510 nihil
847 2448 911 2510 nisi
922 2447 1040 2511 Latine
1061 2453 1218 2514 cantetur.

168 2549 257 2612 Dum
283 2550 383 2611 missa
408 2549 529 2629 privata
555 2548 672 2630 legitur
699 2556 754 2612 aut
780 2549 841 2614 alio
865 2556 1007 2633 tempore
1030 2551 1064 2613 in
1088 2551 1221 2614 ecclesie

168 2653 251 2717 nihil
266 2652 444 2717 canendum
454 2657 503 2715 est
518 2652 582 2715 nisi
596 2653 681 2735 quod
696 2653 729 2714 in
746 2654 967 2717 ecelesiasticis
976 2654 1067 2718 libris
1076 2654 1220 2738 probatis

168 2759 359 2835 inveniatur,
377 2762 432 2820 aut
447 2755 486 2819 ab
501 2757 659 2821 ordinario
673 2757 770 2821 fuerit
785 2759 987 2841 permissum.

648 3358 737 3423 XVI.

547 3540 591 3584 Du
613 3541 841 3586 POENITENTIA.

213 3687 233 3752 7
236 3687 267 3749 5.
293 3684 471 3748 Statuimus
487 3683 573 3747 utin
588 3681 915 3764 omnibusEcelesiis‚
932 3686 1095 3769 inquibus
1110 3684 1219 3747 forsan

170 3786 288 3864 desint,
319 3786 496 3851 habeantur
527 3784 618 3851 sedes
644 3786 901 3868 confessionales,
936 3811 1052 3874 eaeque
1078 3787 1220 3853 cratibus

170 3889 368 3955 informatae.
