2572 4410
294 759 556 852 LITTERAE
590 761 666 853 PH
698 762 772 854 ΡΡ.
809 762 876 855 Ill

574 933 615 976 AD

10 1100 13 1193 ἰ
63 1050 445 1115 ARGHIEPISOOPOS
478 1049 538 1114 ΕΤ
572 1048 811 1117 EPISCOPOS
845 1051 1109 1117 HIBERNIAE.

364 1521 513 1600 PIUS
565 1523 658 1600 ΡΡ.
711 1523 799 1601 ΙΧ.

59 1704 217 1768 Dmncrn
233 1703 310 1769 Fun
323 1707 459 1772 Nosrns
478 1727 520 1770 nr
535 1707 768 1771 Vuunassnns
783 1705 946 1785 Feruens,
964 1724 1111 1771 secururs

216 1844 259 1887 nr
273 1827 502 1890 Arosromcrn
517 1827 803 1890 Bnnunrcrrormu.

106 1960 282 2023 Pnnnsffi
313 1959 353 2023 ad
380 1961 448 2025 Nos
477 1962 608 2025 fuerunt
636 1961 762 2026 litterae
798 1967 920 2026 vestroe
958 1963 1109 2026 amantis·

63 2062 165 2126 simae
202 2085 265 2127 una
304 2084 378 2127 cum
417 2064 552 2128 decretis
591 2063 755 2128 Plenarice
792 2065 911 2148 Synodi
952 2086 970 2127 a
1011 2063 1109 2129 Vobis

62 2165 247 2242 celebratae,
286 2188 366 2251 quae
399 2167 578 2230 auctoritati
615 2165 749 2230 Nostrae
782 2165 983 2248 Apostolicae
1020 2166 1109 2230 obse·

63 2254 294 2352 quentissimo,
318 2276 354 2332 ut
383 2291 440 2352 par
468 2276 545 2346 erat,
573 2270 679 2332 animo
704 2269 896 2352 subjecistis.
942 2266 1008 2333 Nos
1038 2290 1110 2332 con·

63 2372 174 2435 festim
207 2393 245 2434 ea
275 2372 399 2435 decreta
433 2372 680 2456 Congregationi
717 2371 851 2436 Nostrae
873 2371 965 2435 Fidei
994 2371 1109 2455 Propa-

63 2474 185 2557 gcudae
200 2476 397 2556 praepositae
420 2474 623 2556 expendenda
638 2475 869 2552 commisimus,
894 2496 972 2558 quae
996 2495 1108 2558 oppor-

62 2574 961 2659 tunumVobisdabitsuotemporeciroaillsresponsum.
986 2577 1111 2640 Interea

61 2679 164 2741 facere
178 2690 242 2741 non
256 2699 437 2761 possumus,
450 2678 574 2742 Dilecto
602 2678 667 2741 Fili
680 2679 807 2754 Noster,
823 2685 854 2741 et
874 2679 954 2742 Ven.
971 2677 1108 2754 Fratres,

62 2781 140 2864 quin
156 2769 301 2844 nostrum
324 2803 397 2865 erga
411 2781 476 2846 Vos
500 2782 774 2845 studiosissimum
789 2781 931 2844 animum
951 2781 1010 2844 hec
1026 2783 1107 2863 epis·

62 2883 128 2946 tola
143 2883 349 2948 declaremus.
394 2883 435 2947 Id
446 2885 532 2947 enim
546 2906 565 2946 a
580 2883 680 2947 Nobis
696 2885 824 2947 omnino
839 2883 1013 2965 postulant,
1037 2892 1107 2947 tum

62 2987 178 3068 optimi
198 2987 248 3049 illi
269 2988 302 3050 et
316 2987 510 3050 nobilissimi
532 3006 645 3050 sensus
668 2986 847 3049 dilectionis
862 2985 978 3048 litteris
993 2987 1114 3050 vestris*

60 3090 250 3170 cons1gnati‚
267 3095 299 3152 et
312 3090 366 3171 pic
376 3089 482 3152 omina
493 3110 529 3151 ac
540 3095 611 3151 vota
626 3088 691 3151 illis
707 3088 864 3169 adjuncta,
881 3087 997 3170 quibus
1012 3087 1106 3150 afflic-

59 3192 165 3253 tiones
177 3191 312 3254 Nostros
329 3191 423 3254 solari
435 3190 616 3267 studuistis,
627 3197 697 3254 tum
709 3190 856 3272 egregius
866 3189 955 3253 zelus
967 3209 1030 3272 quo
1040 3188 1106 3253 Vos

58 3294 209 3357 incensos
235 3315 292 3376 pro
321 3292 382 3356 Dei
398 3301 431 3357 et
453 3291 630 3376 Religionis
656 3292 757 3375 glorie
779 3292 1010 3373 cognoscimus,
1035 3298 1105 3354 tum

57 3396 248 3478 obsequium
270 3417 305 3458 ac
328 3397 510 3460 testificatio
533 3396 662 3459 devotae
683 3394 867 3469 voluntatis,
881 3414 942 3476 qua
956 3392 1056 3455 Nobis
1072 3399 1104 3455 et

58 3497 136 3561 huic
161 3499 322 3560 communi
346 3500 490 3562 omnium
512 3497 729 3562 Ecclesiarum
751 3496 847 3559 Matri
869 3503 901 3559 et
930 3495 1103 3576 Magistrae

57 3601 220 3663 Romanae
248 3598 334 3676 Sedi,
355 3599 420 3674 Vos
442 3601 575 3664 firmiter
603 3599 764 3663 devinctos
787 3618 857 3662 esse
879 3598 1099 3661 confirmastis.

56 3703 146 3766 Haec
191 3700 257 3766 Nos
300 3703 499 3786 perlegentes
559 3705 592 3766 in
644 3702 761 3767 litteris
797 3701 910 3764 vestris
958 3700 1099 3763 console-

53 3807 142 3870 tione
165 3804 278 3888 repleti
297 3827 419 3883 sumus,
437 3813 531 3890 atque
547 3808 674 3888 justum
689 3805 871 3888 putavimus
891 3809 928 3867 ut
946 3823 1004 3887 per
1018 3803 1099 3866 hanc
