2572 4410
648 377 691 440 46

147 556 256 620 minus
278 556 425 619 idoneam
440 553 539 615 fuisse
561 550 696 614 redacta.
748 550 886 633 Ideoque
908 550 1009 613 satius
1032 549 1192 613 existima·

146 665 222 722 runt
247 664 285 721 ut
304 657 366 721 hoc
392 656 493 738 capite
514 653 685 718 schematis
709 653 749 715 ad
774 652 1022 734 Deputationem
1043 652 1191 728 remiss0‚

145 760 279 823 Decreta
295 759 413 842 Synodi
429 757 659 820 Thurlesianae
669 755 792 838 judicio
815 761 924 817 coetus
940 754 1191 838 subjicerentur3

146 883 227 962 quac
248 863 384 946 perlecta
406 866 447 937 ct,
463 879 520 942 pro
543 859 676 923 mutatis
698 878 804 921 rerum
827 857 995 941 adjunctis,
1013 855 1192 935 emendata,

146 965 290 1028 unanimi
304 986 378 1029 voce
392 969 516 1045 recepta
531 968 562 1025 et
576 960 708 1044 probata
722 966 809 1024 sunt.

192 1069 275 1132 Tum
290 1067 374 1131 dicta
389 1065 529 1131 oratione
544 1084 656 1129 omnes
678 1069 887 1126 recesserunt.

509 1356 835 1368 ———-—

420 1561 483 1624 Die
499 1562 539 1625 13
554 1560 753 1641 Septembris,
769 1560 868 1623 Ferio
881 1561 932 1624 ΙΙ.

190 1701 280 1765 Hora
302 1700 422 1764 decima
443 1721 517 1763 cum
539 1699 671 1763 dimidio
693 1705 767 1763 ante
789 1699 954 1764 meridiem
983 1698 1086 1764 habiti
1115 1707 1195 1764 sunt

147 1803 404 1888 Deputationum
419 1802 613 1867 Conventus.
634 1858 638 1869 ,

334 2014 649 2082 OONGREGATIO
671 2015 864 2079 PRIVATA
884 2015 1017 2081 NONA.

188 2183 313 2248 Eodem
343 2184 394 2248 die
415 2184 492 2249 hora
515 2183 652 2248 secunda
674 2204 747 2247 cum
769 2182 902 2249 dimidio
923 2189 997 2268 post
1026 2183 1192 2248 meridiem

145 2284 256 2350 habita
270 2294 320 2351 est
335 2287 542 2369 Congregatio
558 2285 684 2350 Privata
698 2285 800 2349 Nona.

189 2389 230 2451 In
244 2389 385 2451 medium
399 2389 534 2471 protulit
551 2389 743 2452 Secretarius
762 2388 890 2452 schema
912 2388 949 2453 dc
971 2388 1190 2465 Eucharistic,

147 2490 187 2553 ad
215 2497 362 2554 mentem
391 2491 523 2553 Patrum
559 2491 721 2553 redactum
749 2495 783 2553 et
812 2498 960 2555 constans
990 2513 1029 2554 ex
1057 2491 1192 2555 decretis

147 2590 368 2656 Thurlesianis
393 2591 494 2674 pridie
523 2593 728 2670 confirmatis,
752 2592 942 2676 quibusdam
972 2593 1130 2677 adjunctis
1151 2614 1193 2656 ex

147 2695 306 2758 schemate
327 2694 416 2776 prius
439 2694 542 2757 delato
565 2701 597 2757 et
619 2716 638 2757 a
660 2695 910 2779 congregatione
924 2696 1069 2758 remisse.
1107 2695 1192 2758 Cum

147 2797 274 2878 scircma
288 2797 334 2860 ita
348 2797 525 2861 confectum
539 2797 622 2860 nihil
636 2798 701 2862 nisi
716 2820 752 2861 ea
775 2818 854 2882 quae
877 2805 950 2862 ante
972 2819 991 2861 a
1013 2798 1191 2880 Congrega-

145 2899 233 2963 tione
263 2900 383 2963 sancita
419 2907 509 2963 erant
538 2900 697 2963 continere
726 2901 886 2965 nuntiavit
916 2900 1119 2978 Secretarius,
1151 2900 1191 2964 ab

146 3000 295 3066 omnibus
311 3003 421 3066 statim
435 3002 604 3086 probatum
619 3009 678 3066 est.

190 3103 267 3168 Post
282 3103 360 3168 haec
374 3105 509 3188 perlegit
523 3106 628 3168 Effius
651 3104 781 3169 Praeses
797 3106 956 3170 clausulas
976 3105 1130 3190 quasdam
1152 3102 1193 3167 de

147 3206 252 3270 Oantu
279 3208 474 3292 Gregoriano
498 3214 530 3271 et
552 3208 590 3271 de
612 3208 752 3290 Hymnis
774 3208 884 3291 lingua
912 3208 1078 3274 vernacula
1106 3207 1193 3270 intra

145 3308 281 3374 Missam
311 3309 471 3374 Privatam
508 3310 688 3388 cantandis3
727 3332 805 3395 quas
834 3310 1045 3395 probaverunt
1080 3308 1193 3374 Patres

146 3417 241 3494 atque
254 3413 338 3476 inter
352 3413 475 3476 decreta
487 3434 544 3482 suo
559 3413 628 3476 loco
642 3414 819 3477 referendas
835 3418 1024 3478 statuerunt.

188 3513 272 3577 Dein
290 3516 430 3578 examini
446 3514 625 3599 subjectum
640 3522 689 3579 cst
705 3516 833 3579 schema
846 3515 884 3580 de
899 3515 1032 3588 Scholia.
1065 3514 1193 3596 Singuli

146 3615 271 3683 articuli
293 3619 418 3683 excussi
441 3625 517 3682 sunt
544 3625 577 3682 et
602 3617 726 3701 probati
748 3618 847 3683 donec
869 3624 1055 3701 perventum
1077 3623 1127 3680 est
1149 3609 1191 3680 ad

145 3739 313 3782 numerum
327 3722 390 3785 285
407 3742 502 3804 supra
517 3742 622 3805 quom,
638 3742 712 3784 cum
727 3721 848 3784 diutius
864 3720 1103 3803 disceptaretur,
1113 3719 1193 3784 hora

141 3821 210 3904 jam
225 3842 294 3885 sera
308 3822 406 3887 dilata
421 3825 519 3887 estin
535 3824 707 3887 crastinum
723 3823 807 3887 diem
823 3822 1016 3887 deliberatio.

189 3924 280 3988 Tunc
294 3925 378 3990 dicta
392 3926 533 3992 oratione
548 3927 621 3992 finis
637 3927 740 3992 coetui
755 3926 928 4011 impositus
942 3931 1001 3990 est.
