2572 4410
266 850 269 859 .
392 731 789 864 anonam

68 1023 292 1101 annom
336 1023 650 1101 renalium
694 1025 1105 1106 arisooronuu

438 1201 752 1297 araunium,

263 1405 446 1470 HABITAE
479 1407 600 1471 APUD
634 1407 917 1493 MAYNUTIAM,

512 1592 576 1646 AN.
596 1593 672 1646 1875.

447 1867 737 1878 ———-

577 2075 608 2139 Ι.

391 2249 435 2294 DE
457 2247 641 2293 Aramum
664 2245 800 2292 SYNODO.

105 2385 145 2448 Iu
161 2383 293 2448 nomine
309 2381 535 2445 Sanctissimae
551 2402 586 2444 ae
601 2380 789 2444 Indiuiduae
806 2379 982 2456 Trinitatis,
999 2380 1115 2458 Patris,

66 2492 94 2550 et
108 2488 197 2562 Filii,
215 2491 249 2549 et
265 2486 405 2568 Spiritus
423 2484 543 2547 Sanoti.

103 2590 174 2654 Nos
198 2588 321 2651 Paulus
346 2587 435 2651 tituli
462 2587 495 2651 S.
512 2586 600 2649 Petri
625 2587 659 2652 in
684 2586 796 2651 Monte
821 2588 928 2672 Aureo
948 2590 1116 2672 Presbyter

63 2693 254 2768 Cardinalis,
273 2691 305 2754 S.
324 2691 416 2755 Sedis
431 2691 630 2773 Apostolioae
652 2691 836 2774 Delegatus,
853 2694 1117 2779 Arehiepisoopus

60 2799 283 2874 Dublinensis,
306 2803 339 2861 et
361 2796 535 2860 Hiberniae
557 2795 693 2872 Primos,
714 2796 754 2858 ad
775 2796 904 2861 laudem
927 2819 963 2861 ao
984 2799 1117 2881 gloriam

59 2902 300 2986 Omnipotentis
326 2900 388 2963 Dei
413 2906 446 2963 et
477 2898 648 2962 salvatoris
677 2901 780 2963 nostri
808 2901 888 2965 Jesu
918 2903 1050 2979 Christi,
1078 2904 1117 2966 ad

56 3005 216 3069 honorem
231 3002 441 3065 Beatissimae
455 3000 599 3083 Virginis
614 3000 746 3078 Mariae,
765 3001 953 3066 Sanctorum
980 3004 1117 3087 Aposto-

55 3111 168 3174 lorum
183 3107 271 3170 Petri
286 3113 319 3170 et
329 3106 433 3181 Pauli,
448 3104 557 3168 Sanoti
568 3105 705 3182 Patritii,
717 3112 750 3169 et
760 3107 904 3171 omnium
917 3109 1115 3188 Sanctorum,

56 3213 102 3278 ad
116 3214 353 3275 incrementum
368 3209 443 3273 fidei
454 3230 490 3272 ao
505 3208 683 3292 Religionis
699 3210 890 3289 Catholicae,
906 3215 946 3277 ad
959 3237 1068 3297 paoem
1083 3222 1117 3278 et

54 3318 217 3383 unionem
247 3314 408 3377 Eoolesiae
438 3314 536 3397 hujus
565 3315 705 3394 regionis
733 3319 987 3398 promovendam,
1015 3325 1047 3382 et
1077 3320 1116 3382 ad

54 3418 322 3484 reformationem
346 3414 431 3479 Cleri
453 3420 486 3478 et
507 3414 634 3497 Populi,
652 3417 824 3482 statuimus
846 3440 881 3482 aa
904 3420 1115 3497 decernimus,

55 3523 101 3587 de
125 3520 258 3584 oonsilio
281 3525 314 3582 et
335 3538 493 3582 consensu
514 3518 862 3584 Reverendissimorum
883 3523 1116 3606 Episcoporum

55 3623 250 3698 Hiberniae,
266 3621 326 3683 hoe
340 3620 409 3704 ipso
425 3620 487 3696 die,
504 3620 560 3703 qui
574 3621 759 3703 trigesimus
780 3624 903 3705 primus
925 3631 974 3688 est
995 3628 1116 3691 mensis

57 3727 215 3811 Augusti,
233 3726 386 3810 adjutrice
409 3724 516 3787 divina
538 3725 762 3801 misericordia,
779 3727 908 3790 initium
930 3728 999 3791 fieri
1021 3736 1116 3814 atque

55 3837 130 3920 jam
144 3834 265 3897 factum
280 3852 350 3895 esse
365 3830 500 3895 Conoilii
522 3829 662 3892 Plenarii
675 3830 849 3895 Hiberniae
863 3856 871 3909 ;
895 3834 979 3917 quod
1000 3836 1060 3898 rite
1083 3843 1116 3901 et

61 3938 251 4005 auctoritate
272 3957 292 4000 a
315 3935 348 4001 S.
367 3935 447 4000 Sede
469 3933 661 4019 Apostolioa,
678 3935 770 4018 eujus
792 3935 965 4021 Delegatus
988 3960 1113 4018 sumus,

1005 4061 1027 4104 u
