2572 4410
606 361 670 424 136

113 528 217 612 doque
233 526 429 591 sacerdotem
444 527 484 591 ab
499 525 660 610 Episcopo
671 527 827 610 deputari,
840 527 895 610 qui
906 547 1025 590 munus
1037 527 1175 591 docendi

112 632 147 723 in
177 630 243 693 illis
273 636 442 706 exerceret,
467 631 559 693 etin
584 629 726 692 doctrina
751 629 825 692 fidei
850 629 1029 711 specialiter
1053 650 1175 712 pueros

113 732 260 796 erudiret.
1216 716 1219 721 ’

158 835 233 898 319.
250 833 397 896 Muneris
413 839 520 896 autem
536 832 639 896 nostri
650 854 720 896 esse
734 832 881 896 ducimus
902 838 1011 920 eontra
1024 832 1175 916 iniquam

113 936 203 999 illam
216 956 296 1018 qnae
308 935 411 999 adhuc
422 935 581 1017 perdurat,
587 935 772 999 reddituum
785 941 817 997 et
828 934 1053 997 fundationum
1065 935 1174 1017 publi·

112 1059 221 1101 carum
241 1057 298 1120 pro
321 1036 506 1100 educatione
528 1036 788 1100 distributionem
809 1036 991 1099 reclamare.
1036 1035 1175 1100 Etenim

113 1141 260 1224 pluribus
274 1140 428 1203 librarum
444 1140 588 1204 millibus
604 1139 730 1203 scholae
746 1139 952 1203 secundariae
967 1139 1177 1203 Acatholicae

112 1243 279 1305 annuatim
296 1241 457 1318 dotantur,
476 1241 553 1304 dum
569 1263 627 1304 nec
641 1242 795 1304 minimae
810 1241 910 1324 hujus
923 1240 1059 1304 subsidii
1070 1242 1177 1324 partis

113 1345 302 1407 Academiae
329 1343 511 1407 Catholicae
533 1345 618 1407 fiunt
633 1344 817 1426 participes.
864 1343 998 1405 Justum
1021 1349 1053 1404 et
1077 1358 1174 1425 expe·

115 1448 207 1511 diens
218 1453 312 1522 esset,
321 1448 462 1529 Collegia
474 1447 648 1522 Catholica‚
662 1446 778 1509 saltem
790 1465 856 1509 non
867 1447 976 1508 minus
986 1466 1083 1529 quam
1095 1445 1177 1509 Pto·

2 1628 4 1633 Ι
115 1551 305 1614 testantium
322 1550 464 1626 Scholas,
480 1572 535 1634 pro
551 1572 684 1613 numero
700 1556 732 1612 et
746 1570 916 1633 progressu
928 1549 1175 1631 discipulorum,

114 1659 239 1736 partem
250 1652 365 1715 habere
380 1653 563 1716 reddituum
573 1653 784 1736 publicorum,
798 1653 853 1735 qni
864 1652 1028 1736 juventuti
1038 1651 1177 1715 institu-

117 1755 216 1819 endae
232 1762 308 1819 sunt
323 1756 489 1838 assignati.

583 2016 705 2028 —

570 2227 721 2290 XXXVI.

368 2386 413 2430 DE
437 2386 623 2432 summanus
645 2384 914 2430 scennsmsnutus.

161 2505 233 2566 320.
258 2503 415 2579 Quoniam
433 2505 454 2534 “
466 2503 587 2567 bonum
603 2510 653 2568 est
680 2505 747 2567 viro
764 2504 792 2566 si
803 2503 976 2586 portaverit
995 2504 1111 2585 jugum
1128 2500 1168 2564 ab

119 2608 140 2636 “
153 2607 365 2669 adolescentia
381 2608 472 2681 sua,''
489 2613 532 2682 et,
550 2609 634 2670 siout
655 2613 793 2670 testatur
815 2607 1000 2689 Apostolus,
1026 2606 1169 2668 “omnis

119 2712 140 2740 “
154 2710 282 2792 quidem
305 2710 474 2792 disciplina
496 2711 530 2772 in
553 2711 713 2793 praesenti
734 2710 863 2793 quidem
877 2711 1002 2774 videtur
1017 2731 1082 2772 non
1097 2729 1172 2772 esse

119 2816 140 2843 “
151 2812 261 2895 gaudii
273 2813 329 2875 sed
341 2814 493 2876 moeroris
504 2836 513 2889 ;
538 2821 649 2896 postea
660 2822 767 2877 autem
777 2816 916 2877 fructum
928 2815 1171 2897 pacatissimum

121 2918 142 2946 “
156 2917 337 2978 exercitatio
349 2938 405 2999 per
420 2937 491 2979 eam
505 2917 615 2980 reddet
624 2916 772 2998 justitiae
783 2918 814 2994 ;”
831 2918 1045 2999 maximopere
1060 2938 1171 2980 curare

118 3014 234 3077 debent
259 3015 422 3097 Episcopi,
446 3023 482 3078 ut
507 3017 542 3078 in
560 3017 745 3080 Seminariis
770 3023 801 3080 et
822 3017 974 3098 Collegiis
998 3018 1032 3079 in
1053 3017 1173 3100 quibus

118 3119 333 3181 inst'tuuntur
360 3120 452 3201 pueri
478 3126 510 3182 et
535 3120 751 3183 adolescentes
783 3121 838 3203 qui
861 3121 902 3182 ad
925 3141 1050 3184 sacrum
1073 3121 1171 3182 mini·

118 3220 251 3282 sterium
274 3220 486 3299 destinantur,
517 3222 600 3285 bona
624 3245 747 3305 semper
777 3220 946 3303 disciplina
979 3220 1105 3294 existat,
1140 3225 1173 3282 et

117 3324 247 3405 pietatis
263 3324 395 3406 spiritus
416 3345 450 3386 aa
467 3325 566 3388 studii
581 3346 670 3388 amor
690 3327 812 3408 jugiter
823 3325 962 3406 vigeant.
1018 3323 1070 3385 Sic
1082 3322 1171 3385 enim

118 3427 187 3489 fieri
202 3433 308 3509 potest
331 3433 368 3490 ut
384 3448 402 3489 a
417 3427 535 3488 teneris
562 3427 655 3489 annis
680 3426 718 3489 ad
742 3427 895 3509 pietatem
914 3430 946 3487 et
966 3423 1172 3506 Religionem

120 3526 234 3589 Clerici
257 3529 488 3602 informentur3
513 3546 598 3602 nam,
621 3532 706 3590 teste
732 3526 919 3590 Tridentino
945 3524 1044 3605 (Sese.
1080 3527 1172 3589 xxiii.

120 3623 158 3686 de
195 3624 336 3688 Reform.
368 3645 434 3708 cap.
472 3625 526 3702 18)
560 3625 841 3689 “adolescentium
875 3632 961 3689 aetas
992 3626 1056 3688 nisi
1085 3633 1175 3690 recte

122 3726 342 3790 “inst'tuatur
366 3774 373 3789 .
398 3770 406 3787 .
431 3775 439 3790 .
463 3747 627 3810 nunquam
653 3728 799 3810 perfecte,
821 3749 856 3790 ac
880 3728 949 3790 siue
971 3729 1112 3790 maximo
1137 3749 1175 3792 ac

122 3831 310 3911 “singulari
331 3830 560 3914 propemodum
575 3832 636 3893 Dei
653 3832 890 3915 Omnipotentis
905 3832 1024 3896 auxilio
1047 3833 1081 3895 in
1105 3832 1174 3896 dis·

123 3934 143 3961 “
154 3932 270 4015 ciplina
286 3934 517 3998 ecelesiastica”
533 3941 722 4015 perseverat.
