2572 4410
614 374 678 440 105

117 548 449 616 “divinacelebranda
457 554 490 612 et
498 551 694 612 sacramenta
702 545 1176 614 administrandaadmittatur.''

117 654 221 717 Hisce
236 653 372 717 decretis
395 651 601 715 inhaerentes
622 656 770 715 vetamus
784 672 824 714 ne
844 650 977 714 Parochi
992 657 1049 715 aut
1063 673 1173 716 eorum

115 756 253 830 Vicani,
268 754 319 819 vel
331 754 529 838 regularium
543 753 594 818 vel
608 753 796 818 monialium
805 753 1009 818 ecclesiarum
1024 761 1172 832 rectores,

115 879 217 942 vagos
233 862 266 921 et
280 857 362 920 nulli
386 856 522 920 dioecesi
548 855 691 920 addictos
716 862 773 920 aut
792 857 920 939 ignotos
936 856 1113 920 sacerdotes
1134 856 1174 921 ad

116 981 210 1026 sacra
235 959 413 1042 peragenda
433 958 617 1022 admittant.
664 958 699 1021 Si
725 963 837 1041 agatur
859 979 932 1022 vero
947 958 987 1022 de
1013 960 1174 1023 sacerdote

116 1064 175 1149 qui
191 1062 248 1126 alii
262 1061 398 1124 dioecesi
413 1061 593 1145 adscriptus
608 1066 668 1137 est,
685 1061 754 1145 ipse
769 1066 895 1124 tenetur
916 1061 1040 1125 litteras
1054 1063 1174 1145 proprii

117 1166 283 1232 Ordinarii
306 1165 455 1229 exhibere
471 1171 646 1245 antequam
661 1163 701 1227 ad
727 1163 952 1228 celebrandum
975 1165 1174 1228 admittatur.

115 1271 273 1334 Attamen
289 1268 317 1332 si
333 1267 537 1332 ecclesiarum
562 1273 699 1331 rectores
715 1268 795 1332 bene
810 1268 956 1331 noverint
981 1268 1173 1332 sacerdotem

116 1374 262 1438 alienum
278 1370 411 1454 dignum
427 1392 497 1435 esse
523 1372 578 1454 qui
604 1371 644 1434 ad
659 1370 883 1434 celebrandum
911 1370 1108 1448 admittatur,
1125 1371 1174 1435 illi

115 1476 284 1540 licentiam
307 1475 441 1538 missam
469 1473 596 1537 dicendi
620 1495 677 1558 per
692 1474 815 1558 aliquot
842 1474 910 1538 dies
936 1474 1010 1538 dare
1025 1481 1173 1557 possunt,

117 1580 220 1643 donec
254 1577 333 1640 adiri
371 1582 477 1660 potest
520 1577 701 1641 ordinarius
747 1577 939 1641 dioeceseos.
1007 1579 1095 1642 Hinc
1133 1577 1174 1641 ad

115 1680 267 1747 evitanda
288 1679 490 1744 incommoda
519 1686 551 1743 et
580 1701 621 1743 ne
657 1680 697 1743 ab
726 1679 819 1743 altari
850 1686 1028 1757 arceantur,
1053 1681 1174 1765 singuli
1224 1746 1227 1755 ,

117 1784 299 1850 sacerdotes
313 1784 347 1846 iu
363 1789 487 1846 exteras
504 1783 664 1847 dioecesos
678 1783 852 1866 profecturi
868 1804 902 1847 se
917 1784 1042 1846 munire
1058 1783 1175 1847 debent

115 1889 235 1952 litteris
259 1886 528 1972 commendatitiis
551 1887 671 1969 proprii
702 1887 862 1950 Ordinarii
885 1908 965 1970 quae
988 1907 1042 1949 eos
1072 1908 1173 1949 sacer-

117 1991 209 2055 dotes
224 2011 294 2054 esse
309 1995 472 2053 testentur
494 1995 528 2052 et
553 1990 714 2053 immunes
730 2011 748 2053 a
772 1991 915 2053 censuris
931 1995 963 2052 et
987 1989 1101 2072 dignos
1117 1990 1173 2072 qui

118 2116 207 2159 sacra
223 2095 378 2177 mysteria
394 2092 551 2156 celebrare
564 2093 803 2176 permittantur.

161 2197 237 2264 172.
261 2195 358 2258 Omni
381 2195 448 2257 zelo
480 2201 512 2258 et
549 2200 681 2277 paterno
717 2195 832 2258 affectu
869 2194 995 2256 foveant
1020 2194 1173 2275 Episcopi

114 2298 283 2381 religiosas
324 2296 512 2360 monialium
542 2295 690 2372 familias,
721 2294 915 2377 eosdemque
940 2293 1109 2357 hortamur
1135 2299 1174 2356 ut

117 2403 304 2466 Conventus
326 2422 434 2464 earum
458 2421 536 2483 quae
552 2421 616 2463 non
641 2405 718 2462 sunt
741 2389 905 2482 exemptae
928 2398 1099 2481 quotannis
1117 2419 1174 2480 per

114 2507 240 2591 seipsos
262 2511 318 2570 aut
339 2527 395 2588 per
425 2504 604 2568 sacerdotes
634 2505 765 2568 idoneos
796 2505 935 2569 visitent.
992 2503 1113 2567 Curent
1136 2509 1173 2566 ut

114 2609 272 2672 moniales
292 2608 330 2671 de
349 2608 473 2671 idoneis
493 2608 705 2684 confessariis,
722 2614 755 2670 et
774 2604 824 2670 bis
844 2606 894 2670 vel
914 2612 964 2670 ter
979 2605 1013 2668 in
1034 2626 1117 2668 anno
1133 2605 1173 2668 de

113 2713 319 2777 confessariis
334 2711 591 2775 extraordinariis
606 2710 832 2792 provideantur
842 2709 882 2772 ad
893 2727 1026 2772 sensum
1034 2705 1169 2772 Constit.

114 2815 239 2879 Bened.
253 2815 340 2878 XIV.
356 2814 535 2878 Pastorclis
559 2835 652 2877 carce
676 2813 728 2877 die
752 2817 770 2878 5
794 2815 877 2896 Aug.
895 2815 991 2881 1748.
1062 2814 1096 2875 Si
1120 2834 1171 2876 ex·

71 2996 78 3010 Ι
114 2925 242 3001 emptae
265 2919 341 2994 siut,
358 2918 521 3000 deputatio
546 2919 730 2981 confessarii
751 2919 891 3000 pertinet
914 2916 953 2980 ad
977 2916 1170 2998 superiorem

114 3021 307 3104 regularem,
325 3043 398 3084 cum
414 3019 638 3103 approbatione
653 3027 760 3085 tamen
775 3021 937 3104 Episcopi,
954 3020 1010 3103 qui
1024 3041 1063 3082 ex
1077 3019 1171 3082 ratio·

115 3125 220 3189 nabili
241 3146 336 3188 causa
355 3130 461 3208 potest
482 3123 575 3187 illum
591 3146 744 3190 amovere.

163 3231 237 3296 173.
255 3229 408 3312 Episcopi
422 3228 562 3292 habeant
577 3230 660 3312 apud
674 3250 708 3294 se
723 3229 878 3293 formulas
893 3228 1083 3303 litterarum,
1100 3247 1170 3308 pro·

115 3332 188 3415 prio
204 3336 373 3395 stemmate
390 3332 543 3415 signatas,
561 3333 842 3417 excorporationis,
860 3332 1007 3395 licentiae
1022 3328 1170 3407 abeundi,

116 3433 338 3510 ordinationis,
373 3433 650 3517 dispensationum
681 3441 713 3498 et
735 3435 870 3499 aliarum
902 3455 982 3516 quae
1015 3432 1053 3495 de
1082 3453 1171 3495 more
1248 3463 1250 3469 ¹

115 3539 335 3622 requiruntur,
373 3558 509 3620 quarum
546 3537 738 3622 exemplaria
776 3539 811 3603 in
849 3535 1033 3621 Appendice
1070 3536 1170 3620 hujus

118 3639 294 3705 uoluminis
315 3634 521 3702 inserentur.1

434 3901 442 3932 ¹
453 3901 518 3951 Vide
529 3901 646 3964 Append.
657 3900 726 3950 XVI.
737 3916 795 3965 pag.
810 3902 867 3949 286.

1025 3987 1049 4026 Η
