2572 4410
567 356 631 422 205

69 537 148 600 ente
162 529 323 598 traditam
338 549 397 613 per
410 528 587 613 Apostolos
602 524 839 592 revelationem
857 546 916 594 seu
932 529 1009 596 fidei
1024 532 1121 619 depo·

69 633 175 702 situm
185 636 298 698 sancte
313 629 516 697 custodirent
532 638 565 694 et
574 630 715 695 fideliter
724 635 937 715 exponerent.
979 634 1122 715 Quorum

70 737 205 822 quidem
228 732 438 820 apostolicam
454 732 637 797 doctrinam
654 753 767 797 omnes
783 735 990 800 venerabiles
1005 736 1123 802 Patres

71 837 218 924 amplexi
233 841 265 903 et
282 835 389 903 sancti
400 835 560 900 Doctores
576 834 749 900 orthodoxi
758 835 901 901 venerati
911 844 1006 923 atque
1019 838 1123 904 secuti

73 944 172 1019 sunt;
197 939 386 1025 plenissime
412 937 565 1015 scientea
583 938 669 1002 hanc
697 937 801 1003 sancti
825 938 915 1004 Petri
941 938 1058 1005 Sedem
1081 940 1124 1006 ab

75 1046 167 1118 omni
182 1062 311 1127 semper
326 1060 433 1106 errore
453 1038 615 1104 illibatam
636 1060 836 1124 permanere,
854 1041 1036 1107 secundum
1058 1035 1124 1108 Do-

76 1145 160 1210 mini
171 1141 1126 1229 Salvatorisnostridivinampollicitationemdiscipulorum

77 1267 215 1314 suorum
229 1245 368 1332 principi
383 1246 524 1309 factam:
549 1245 622 1328 Ego
631 1248 739 1328 rogavi
750 1264 809 1330 pro
821 1247 985 1324 te,utnon
996 1248 1125 1313 deficiat

74 1353 157 1415 fides
184 1357 250 1428 tua,
276 1355 310 1413 et
338 1355 375 1413 tu
404 1348 581 1432 aliquando
610 1367 785 1413 conversus
821 1350 977 1416 confirma
1008 1349 1127 1416 fratres
1214 1375 1218 1382 ·

74 1452 173 1518 tuos.¹

119 1555 194 1620 Hoc
207 1555 309 1639 igitur
322 1550 469 1618 veritatis
496 1560 529 1617 et
552 1552 628 1616 fidei
642 1573 819 1637 numquam
842 1552 1021 1620 deficientis
1043 1555 1121 1621 cha·
1211 1612 1214 1617 .

80 1659 182 1722 risma
202 1658 297 1720 Petro
313 1658 444 1740 ejusque
459 1657 494 1719 in
508 1652 573 1719 hac.
591 1653 748 1721 Cathedra
763 1657 999 1721 successoribus
1014 1654 1126 1722 divini-

78 1765 134 1824 tus
148 1760 301 1823 collatum
315 1765 365 1821 est
378 1765 417 1821 ut
431 1760 553 1823 excelso
569 1779 628 1822 suo
639 1779 770 1821 munere
782 1759 817 1820 in
829 1759 974 1822 omnium
989 1761 1126 1824 salutem

82 1863 301 1946 fungerentur,
318 1866 356 1924 ut
370 1862 539 1925 universus
554 1860 679 1925 Christi
702 1881 780 1942 grex
801 1881 857 1943 per
877 1881 931 1944 eos
951 1862 990 1925 ab
1012 1866 1127 1927 erroris

80 1984 237 2028 venenosa
259 1983 330 2026 esea
352 1984 492 2040 aversus,
508 1964 654 2027 coelestis
676 1961 836 2025 doctrinae
855 1963 971 2045 pabulo
991 1966 1127 2028 nutrire-

81 2072 143 2142 tur,
160 2070 199 2128 ut
214 2065 339 2128 sublata
350 2064 533 2129 schismatis
548 2065 710 2129 occasione
725 2064 870 2127 Ecclesia
884 2070 952 2127 tota
965 2086 1031 2128 una
1052 2088 1125 2130 con-

85 2173 272 2242 servaretur,
290 2173 384 2250 atque
411 2188 469 2231 suo
491 2167 700 2230 fundamento
725 2167 835 2228 innixa
860 2167 952 2229 firma
977 2167 1128 2232 adversus

84 2270 179 2334 inferi
193 2275 301 2353 portas
316 2271 515 2333 consisteret.

112 2373 173 2435 'At
186 2394 259 2435 vero
274 2393 348 2435 cum
371 2370 431 2435 hac
453 2374 524 2457 ipsa
550 2377 662 2448 aetate,
679 2390 744 2452 qua
766 2369 929 2435 salutifera
950 2369 1127 2455 Apostolici

82 2475 227 2539 muneris
250 2473 386 2537 efficacia
408 2474 458 2537 vel
483 2476 622 2538 maxime
641 2475 823 2559 requiritur,
840 2494 904 2536 non
927 2475 1020 2556 pauci
1042 2476 1128 2539 inve·

84 2579 225 2654 niantur,
257 2578 313 2660 qui
342 2576 432 2639 illius
462 2578 645 2640 auctoritati
681 2576 875 2652 obtrectant;
914 2579 1129 2640 necessarium

82 2680 215 2743 omnino
230 2698 300 2742 esse
315 2699 496 2754 censemus,
512 2680 742 2762 prerogativam
757 2699 852 2762 quam
867 2679 1053 2760 unigenitus
1067 2677 1130 2743 Dei

82 2782 188 2846 Filius
203 2801 276 2843 cnm
292 2801 418 2844 summo
433 2783 584 2864 pastorali
595 2782 696 2845 officio
708 2782 898 2864 conjungere
908 2780 1059 2862 dignatus
1069 2789 1128 2858 est,

82 2884 270 2950 solemniter
285 2902 435 2946 asserere.

126 2985 241 3068 itaque
268 2985 335 3048 Nos
359 2985 523 3049 traditioni
543 3007 562 3049 a
586 2984 662 3050 fidei
684 2982 885 3050 Christianae
910 2986 1037 3049 exordio
1059 3008 1129 3069 per·

84 3094 195 3173 ceptae
210 3085 346 3151 fideliter
371 3086 575 3165 inhaerendo,
593 3088 632 3151 ad
654 3087 717 3150 Dei
742 3085 914 3152 Salvatoris
939 3089 1042 3151 nostri
1063 3090 1129 3172 glo·

83 3193 176 3267 riam,
193 3189 359 3270 religionis
382 3190 565 3254 Catholicae
587 3190 812 3253 exaltationem
827 3194 860 3252 et
875 3187 1131 3254 Christianorum

83 3293 274 3379 populorum
299 3291 447 3369 salutem,
474 3313 561 3356 sacro
591 3291 785 3375 approbante
811 3291 963 3367 Concilio,
980 3292 1132 3355 docemus

84 3402 117 3462 et
131 3396 287 3458 divinitus
309 3394 482 3458 revelatum
504 3395 619 3477 dogma
641 3415 711 3458 esse
735 3392 926 3458 definimus:
950 3392 1131 3458 Romanum
1239 3451 1242 3457 ,

83 3495 286 3573 Pontificem,
298 3517 372 3559 cum
388 3518 427 3559 ex
442 3496 603 3560 Cathedra
617 3497 768 3580 loquitur,
781 3495 886 3571 idest,
899 3515 974 3558 cum
985 3497 1130 3560 omnium

85 3601 343 3666 Christianorum
366 3599 509 3662 Pastoris
531 3605 564 3662 et
588 3599 736 3662 Doctoris
758 3618 890 3660 munere
909 3596 1058 3680 fungens,
1074 3620 1131 3681 pro

85 3723 236 3786 suprema
258 3723 316 3764 sua
337 3699 520 3783 Apostolica
535 3702 722 3765 anctoritate
744 3700 920 3764 doctrinam
944 3700 983 3763 de
1005 3700 1068 3763 fide
1082 3701 1132 3764 vel

86 3805 231 3871 moribus
246 3803 286 3868 ab
301 3804 449 3868 universa
468 3804 614 3867 Ecclesia
629 3803 800 3867 tenendam
815 3801 935 3882 definit,
952 3824 1008 3887 per
1023 3804 1132 3868 assist-

479 3937 488 3972 l
501 3937 562 3988 Luc.
573 3936 636 3986 xxii.
648 3938 686 3988 ³2.
