2572 4410
661 347 726 414 266

213 520 248 583 Si
262 521 484 585 contrahentes
499 526 575 584 sunt
589 521 672 603 vagi,
691 541 756 585 non
779 519 968 603 procedatur
991 522 1031 587 ad
1054 523 1220 588 licentiam

167 623 390 699 contrahendi·
406 624 471 688 nisi
495 623 627 687 doceant
649 624 805 707 perfides
827 624 1057 688 ordinariorum
1076 648 1221 704 suorum,

168 746 238 789 esse
253 726 380 801 liberos,
396 732 429 789 et
443 727 477 788 in
493 725 565 788 aliis
580 731 704 789 servata
728 724 831 789 forma
853 727 952 790 Cone.
977 726 1066 792 Trid.
1090 730 1126 792 ic
1151 751 1223 811 cop.

167 828 277 902 Mota,
293 829 379 892 Sese.
394 828 521 891 XXIV.

211 931 308 994 Fides
324 932 447 1015 aliaque
461 931 661 1005 documenta,
679 951 760 1014 quae
775 928 994 1015 producuntur
1008 933 1047 996 de
1062 933 1221 1017 partibus,

170 1054 235 1097 non
265 1032 485 1108 admittantur,
516 1033 580 1095 nisi
614 1033 680 1096 sint
708 1034 833 1096 munita
862 1034 968 1116 sigillo
997 1041 1031 1099 et
1058 1035 1223 1118 legalitate

167 1136 322 1220 Episcopi
350 1135 511 1210 ordinarii,
538 1141 571 1198 et
599 1136 762 1216 recognita
792 1136 906 1199 saltem
929 1157 985 1220 per
1016 1138 1141 1215 Testes,
1167 1140 1224 1222 qui

167 1238 305 1302 habeant
319 1245 428 1302 notam
443 1257 586 1312 manum,
602 1243 635 1301 et
657 1238 810 1320 sigillum,
837 1240 869 1301 et
897 1245 1018 1303 attente
1043 1239 1223 1305 considere-

169 1347 233 1418 tur,
257 1342 341 1425 quod
356 1342 446 1416 fides,
463 1361 521 1404 scu
534 1339 721 1403 testimonia
735 1341 826 1418 bene,
843 1347 877 1405 et
892 1341 1117 1406 concludenter
1131 1341 1223 1407 iden·

168 1443 292 1507 tificent
305 1464 467 1526 personas,
484 1442 523 1505 de
537 1441 654 1525 quibus
668 1443 785 1525 agitur.

212 1547 279 1610 Pro
302 1545 430 1608 testibus
447 1545 484 1607 ic
507 1544 566 1607 hoe
590 1546 725 1608 neoterio
747 1546 945 1626 recipianter
961 1546 1062 1628 mepis
1088 1568 1225 1611 consce-

166 1648 286 1730 peicei,
303 1669 396 1729 quom
411 1647 563 1722 extranei,
579 1648 655 1729 qeie
664 1657 913 1728 praestententur
921 1649 1032 1712 melias
1041 1649 1225 1731 infestasti,

168 1759 199 1814 et
224 1750 304 1813 cives
319 1751 419 1831 inopis
434 1771 528 1832 queen
543 1750 652 1826 exteri,
672 1771 730 1813 nec
752 1750 964 1814 admittentur
985 1751 1128 1816 homines
1152 1754 1228 1836 oapi

168 1862 198 1917 et
210 1853 337 1930 milites,
352 1853 418 1915 cisi
433 1854 510 1916 dete
523 1873 629 1928 cocao,
647 1861 676 1915 et
690 1862 814 1916 maturo
830 1854 984 1926 seruilia·
1010 1863 1040 1918 et
1062 1855 1227 1920 Notarius

168 1964 273 2020 exacte
288 1955 442 2019 describet
451 1976 623 2037 persecuto
640 1956 765 2027 Testa·
782 1977 872 2036 quem
886 1957 915 2019 si
930 1957 1097 2039 copeoeeit,
1113 1967 1227 2022 utetur

168 2058 319 2133 clausule,
336 2058 418 2120 mihi
433 2057 511 2121 bene
527 2059 694 2140 cognitus3
718 2058 770 2120 eia
784 2059 902 2133 micae,
919 2080 1048 2122 women
1062 2081 1130 2122 coca
1145 2062 1226 2125 reci-

163 2161 246 2241 piet,
262 2161 327 2223 cisi
355 2182 422 2222 ecc
443 2181 513 2223 cem
532 2181 671 2240 persone
697 2160 800 2222 Testis
826 2160 935 2241 alique
954 2162 1021 2224 etio
1043 2173 1227 2243 compareat

168 2264 293 2345 eopce'te
307 2263 453 2338 Notario,
470 2271 500 2325 et
514 2284 593 2343 quoe
608 2271 772 2325 attestetur
786 2262 824 2326 de
839 2264 978 2339 nomiae,
995 2273 1025 2328 et
1039 2268 1226 2347 copeemiee

167 2366 269 2445 ipsias
288 2365 401 2439 Testis,
414 2385 536 2428 necnec
551 2363 588 2427 de
603 2364 773 2428 idoneitate
800 2366 938 2446 ejusdem
952 2366 995 2428 od
1010 2367 1226 2432 testimoniam

159 2467 342 2546 serendam.
386 2469 434 2530 Et
463 2466 641 2547 hujusmodi
672 2468 867 2531 examinibus
893 2468 981 2532 debet
1005 2468 1158 2534 interesse
1186 2471 1224 2535 ic

172 2570 266 2646 Urbe,
282 2569 368 2632 alteo
381 2570 562 2644 Notarium,
589 2569 730 2650 officialis
754 2570 933 2649 specialiter
955 2571 1157 2651 deputandas
1183 2573 1223 2636 ab

167 2672 430 2734 Eminentissimo
445 2672 592 2743 Vicerio‚·
610 2681 639 2734 et
653 2682 743 2734 estro
757 2673 882 2747 Urbem,
894 2673 1040 2736 Vicarias
1052 2674 1221 2756 Episcopi,

167 2773 216 2837 vel
240 2773 349 2854 otique
374 2774 440 2836 etio
458 2793 598 2853 persono
618 2774 767 2855 insipeis,
794 2783 825 2836 et
848 2774 973 2852 idonee,
997 2775 1036 2838 ab
1059 2777 1222 2858 Episcopo

167 2876 345 2956 specialiter
372 2874 564 2955 deputanda,
601 2875 684 2938 olias
716 2876 874 2956 pacietur
901 2877 1057 2940 Notarius
1086 2880 1222 2943 arbitrie

167 2979 285 3043 Sacrae
313 2977 584 3060 Coepeepetiocie,
603 2986 633 3041 et
658 2977 851 3042 Ordicecica
874 3000 939 3041 coe
958 2981 1126 3060 permittet
1141 2982 1222 3063 fieri

163 3081 402 3163 publicationes.

211 3182 371 3249 Ordinarii
385 3182 579 3266 praecipiant
604 3182 763 3257 omnibus,
782 3187 815 3245 et
836 3183 972 3266 singulis
996 3184 1160 3262 Parochis,
1186 3187 1222 3250 in

167 3307 276 3351 eorum
291 3284 498 3349 Dioecesibus
513 3284 735 3360 existentibus,
759 3291 796 3347 ut
821 3306 877 3368 pro
903 3287 1119 3351 matrimoniis
1144 3309 1222 3352 cum

166 3390 284 3453 exteris
313 3386 537 3452 contrahendis
566 3407 631 3449 non
659 3387 776 3449 faciant
798 3387 1027 3469 publicationes
1051 3389 1085 3451 in
1108 3411 1222 3453 eorum

166 3491 333 3565 Ecclesiis,
350 3491 414 3552 nisi
429 3489 595 3552 certiorato
611 3487 788 3566 Ordinario,
806 3510 824 3552 a
839 3510 912 3572 quo,
929 3489 978 3553 vel
993 3491 1063 3572 ejus
1078 3495 1223 3574 generali

166 3591 291 3658 Vicario
305 3593 395 3675 prius
409 3596 577 3654 teneantur
603 3590 819 3653 authenticam
834 3589 931 3654 fidem
946 3598 1116 3675 reportare,
1134 3596 1223 3677 quod

166 3716 223 3779 pro
245 3694 303 3757 tali
324 3694 527 3757 matrimonio
553 3694 682 3755 fuerunt
704 3695 875 3757 examinati
899 3694 1021 3769 Testes,
1044 3696 1079 3758 in
1106 3716 1222 3762 eorum

166 3796 319 3862 tribunali
334 3796 388 3879 qui
403 3795 538 3879 probant
553 3801 673 3858 statum
688 3794 824 3858 liberum
836 3797 1019 3860 contrahere
1028 3798 1221 3879 volentium,

169 3900 237 3976 dec,
254 3898 525 3963 contravenientes
540 3904 646 3961 autem
663 3918 767 3961 severe
783 3899 968 3981 punientur.
