2572 4410
572 589 620 664 II.

168 736 410 805 SUPREMAE
437 736 607 805 sAuRAn
632 737 1023 809 CONGREGATIONIS

101 883 298 931 marsuano
320 887 362 930 an
385 887 581 933 raonrxnuu
602 886 725 932 onrrurr
746 887 899 933 maurus
921 888 1087 935 corrusrs.

109 1030 317 1098 Matrimonii
347 1034 476 1100 vinculo
513 1035 595 1099 duos
631 1035 853 1100 tantummodo
885 1034 1045 1102 “Christo
1074 1039 1121 1103 ita

66 1136 88 1166 “
99 1134 247 1213 docente,
263 1137 420 1221 copulari,
437 1144 471 1201 et
491 1139 645 1222 conjungi
663 1159 768 1222 posse,
785 1139 941 1203 alterutro
956 1160 1030 1206 vero
1046 1161 1121 1204 oon·

65 1240 177 1322 “juge
200 1240 267 1306 vita
295 1241 417 1317 functo,
444 1241 613 1317 secundas,
639 1242 704 1306 imo
735 1247 767 1304 et
796 1239 963 1306 ulteriores
987 1241 1120 1327 nuptias

65 1342 86 1371 “
98 1339 207 1406 licitas
219 1363 300 1420 esse,
311 1343 493 1427 dogmatica
503 1343 668 1407 Ecclesiae
682 1341 867 1408 Catholicae
879 1342 1023 1409 doctrina
1034 1348 1119 1411 est.’‘

108 1443 231 1508 Verum
246 1443 286 1509 ad
302 1447 469 1522 secundas,
491 1452 523 1510 et
543 1447 714 1510 ulteriores
735 1448 866 1530 nuptias
886 1445 971 1530 quod
991 1449 1119 1526 attinet,

61 1565 140 1610 cum
163 1547 202 1610 de
223 1569 257 1611 re
280 1556 405 1631 agatur,
422 1570 501 1631 quae
520 1548 773 1625 difficultatibus,
791 1570 826 1612 ao
841 1548 1012 1616 fraudibus
1027 1549 1119 1615 haud

61 1668 137 1713 raro
153 1651 203 1714 est
218 1650 367 1728 obnoxia,
385 1651 461 1715 hinc
479 1649 596 1716 Sancta
621 1649 721 1716 Sedes
745 1652 856 1717 sedulo
880 1655 1003 1717 curavit
1024 1654 1119 1718 modo

42 1751 363 1818 'Constitutionibus
386 1753 600 1837 generalibus,
626 1755 758 1837 saepius
779 1755 888 1817 autem
905 1757 1068 1838 responsis
1083 1755 1118 1819 in

60 1854 192 1919 casibus
217 1855 470 1938 particularibus
500 1858 598 1932 datis,
630 1862 667 1920 ut
695 1856 826 1921 libertas
857 1878 955 1921 novas
984 1860 1118 1940 nuptias

59 1954 200 2021 ineundi
226 1960 274 2022 ita
299 1961 413 2042 cuique
441 1960 528 2024 salva
557 1961 652 2035 esset,
685 1965 721 2022 ut
750 1956 890 2042 predicta
919 1961 1119 2023 matrimonii

60 2057 177 2124 unitas
191 2062 226 2124 in
241 2060 415 2126 discrimen
430 2083 496 2126 non
511 2063 732 2126 adduceretur.

105 2161 189 2227 Inde
215 2167 392 2230 constituta
418 2163 589 2230 Sacrorum
614 2166 796 2240 Canonum,
824 2164 953 2248 quibua,
982 2167 1019 2231 ut
1044 2167 1118 2247 quis

57 2267 166 2348 possit
180 2264 266 2331 licite
282 2269 323 2332 ad
341 2269 405 2332 alia
422 2275 496 2332 vota
517 2269 665 2343 transire,
688 2269 826 2350 exigitur
848 2266 933 2351 quod
956 2267 994 2331 de
1016 2274 1119 2332 morte

58 2367 210 2453 conjugis
222 2373 309 2436 certo
319 2378 457 2448 constet,
469 2373 519 2435 uti
527 2391 596 2453 cap.
607 2372 765 2434 Dorataac
777 2371 814 2434 dc
825 2372 971 2434 secandis
982 2372 1116 2452 nuptiis,

56 2471 112 2534 vel
128 2473 215 2554 quod
230 2473 269 2537 de
284 2476 357 2556 ipsa
372 2475 475 2538 morte
489 2471 663 2556 recipiatur
678 2483 796 2536 certam
810 2475 962 2537 abactam
973 2475 1023 2537 uti
1037 2474 1116 2557 Cap.

56 2574 103 2637 Ia
113 2579 311 2656 praesencia,
327 2579 378 2641 De
393 2577 603 2658 sponsalibus,
617 2587 646 2640 ct
657 2577 883 2641 matrimoniis.
928 2576 1007 2640 Inde
1020 2575 1116 2640 etiam
1194 2642 1197 2659 ,

58 2695 102 2740 ea
131 2697 212 2760 quae
241 2681 444 2764 explanatius
481 2680 657 2744 traduntur
686 2677 723 2742 in
752 2680 975 2744 Instructione
1006 2681 1117 2744 “Cara

60 2781 212 2857 “alica''
236 2784 277 2845 21
303 2784 441 2865 Aspastt
466 2784 562 2860 1670,
581 2805 600 2846 a
623 2780 790 2848 Clemente
813 2781 854 2846 X.
872 2784 1009 2860 sancita,
1028 2785 1061 2848 et
1080 2781 1116 2847 in

58 2882 208 2947 Bullario
237 2884 384 2950 Romano
418 2884 541 2950 inserta
577 2907 672 2969 super
703 2885 852 2949 examine
882 2883 1029 2949 Testium
1059 2907 1116 2970 pro

58 2983 277 3051 matrimoniis
299 2987 530 3054 contrahendis
550 2990 585 3051 in
602 2988 699 3051 Curia
721 2985 799 3049 Effri
814 2985 932 3051 Vicarii
957 2989 1065 3063 Urbis,
1084 2994 1116 3052 et

59 3090 259 3153 coeterorum
280 3091 536 3156 Ordinatiorum.
582 3089 723 3154 Maxime
743 3111 816 3153 vero
832 3109 912 3172 quae
927 3092 1060 3174 propius
1076 3091 1116 3155 ad

57 3211 128 3255 rem
143 3192 295 3257 facientia
309 3194 353 3257 ibi
367 3194 528 3258 habentur
542 3194 616 3257 NN.
633 3194 673 3254 12
689 3193 722 3256 et
738 3194 790 3256 13.

102 3291 150 3357 at
163 3294 242 3358 haec
258 3297 389 3378 quidem
404 3296 532 3360 abunde
548 3293 733 3360 sufficerent
750 3293 778 3358 si
789 3292 824 3358 in
837 3293 995 3377 ejusmodi
1007 3292 1116 3359 causis

57 3397 261 3481 peragendis,
286 3398 481 3477 omnimoda,
505 3405 537 3463 et
566 3398 714 3463 absoluta
737 3396 895 3462 certitudo
918 3397 957 3461 de
980 3397 1116 3463 alterius

58 3497 218 3583 Oonjugis
247 3502 337 3566 obitu
366 3503 481 3566 haberi
510 3522 636 3584 semper
657 3507 786 3585 posset;
812 3498 869 3564 sed
895 3519 968 3563 oum
993 3500 1027 3563 id
1049 3519 1115 3564 non

58 3599 174 3667 sinant
189 3623 322 3668 casuum
336 3605 567 3689 propemodum
582 3606 730 3669 infinitae
741 3601 829 3668 vices
844 3602 942 3686 (quod
953 3604 1116 3685 sapienter

58 3702 323 3772 animadversum
338 3715 388 3772 est
403 3710 436 3772 in
452 3706 583 3771 laudata
598 3708 818 3771 Instructione
833 3703 887 3768 his
902 3704 1028 3770 verbis:
1049 3707 1116 3771 “St

60 3810 201 3872 “taraca
222 3810 404 3892 hujusmodi
427 3811 607 3874 testimonla
630 3810 739 3872 bobert
761 3830 825 3871 aon
843 3817 988 3888 poscant,
1012 3809 1116 3873 Sacro

60 3911 83 3941 “
95 3910 307 3993 Ooaprcpatc'o
318 3933 383 3976 aaa
393 3912 531 3976 tatcadtc
543 3910 705 3975 excludere
718 3910 801 3974 ollas
808 3899 1023 3990 probationes,
1036 3929 1114 3990 quac
