<?xml version="1.0" encoding="UTF-8"?>
<!DOCTYPE html PUBLIC "-//W3C//DTD XHTML 1.0 Transitional//EN"
    "http://www.w3.org/TR/xhtml1/DTD/xhtml1-transitional.dtd">
<html xmlns="http://www.w3.org/1999/xhtml" xml:lang="en" lang="en">
 <head>
  <title>
</title>
<meta http-equiv="Content-Type" content="text/html;charset=utf-8" />
  <meta name='ocr-system' content='tesseract 3.04.00' />
  <meta name='ocr-capabilities' content='ocr_page ocr_carea ocr_par ocr_line ocrx_word'/>
</head>
<body>
  <div class='ocr_page' id='page_1' title='image "actaetdecretasy00goog_0031.png"; bbox 0 0 2572 4410; ppageno 0'>
   <div class='ocr_carea' id='block_1_1' title="bbox 675 273 717 339">
    <p class='ocr_par' dir='ltr' id='par_1_1' title="bbox 675 273 717 339">
     <span class='ocr_line' id='line_1_1' title="bbox 675 273 717 339; baseline -0.024 0"><span class='ocrx_word' id='word_1_1' title='bbox 675 273 717 339; x_wconf 83' lang='lat'><strong>16</strong></span> 
     </span>
    </p>
   </div>
   <div class='ocr_carea' id='block_1_2' title="bbox 549 578 840 657">
    <p class='ocr_par' dir='ltr' id='par_1_2' title="bbox 549 578 840 657">
     <span class='ocr_line' id='line_1_2' title="bbox 549 578 840 657; baseline 0 -2"><span class='ocrx_word' id='word_1_2' title='bbox 549 578 840 657; x_wconf 84' lang='lat' dir='ltr'><strong>EPISTOLA</strong></span> 
     </span>
    </p>
   </div>
   <div class='ocr_carea' id='block_1_3' title="bbox 258 778 1153 962">
    <p class='ocr_par' dir='ltr' id='par_1_3' title="bbox 258 778 1153 962">
     <span class='ocr_line' id='line_1_3' title="bbox 258 778 1153 847; baseline 0 -2"><span class='ocrx_word' id='word_1_3' title='bbox 258 780 441 847; x_wconf 83' lang='lat' dir='ltr'>PATRUM</span> <span class='ocrx_word' id='word_1_4' title='bbox 458 780 622 844; x_wconf 83' lang='lat' dir='ltr'><strong>sYNOD1</strong></span> <span class='ocrx_word' id='word_1_5' title='bbox 650 778 974 846; x_wconf 79' lang='lat' dir='ltr'><strong>MAYNUTIANAE</strong></span> <span class='ocrx_word' id='word_1_6' title='bbox 1004 780 1066 845; x_wconf 86' lang='lat' dir='ltr'><strong>AD</strong></span> <span class='ocrx_word' id='word_1_7' title='bbox 1093 780 1153 845; x_wconf 84' lang='lat' dir='ltr'><strong>SS.</strong></span> 
     </span>
     <span class='ocr_line' id='line_1_4' title="bbox 430 894 954 962; baseline 0.006 -3"><span class='ocrx_word' id='word_1_8' title='bbox 430 894 648 960; x_wconf 89' lang='lat' dir='ltr'><strong>DOMINUM</strong></span> <span class='ocrx_word' id='word_1_9' title='bbox 668 895 784 960; x_wconf 90' lang='lat' dir='ltr'>PIUM</span> <span class='ocrx_word' id='word_1_10' title='bbox 806 897 870 961; x_wconf 89' lang='grc' dir='ltr'><strong>ΡΡ.</strong></span> <span class='ocrx_word' id='word_1_11' title='bbox 895 895 954 962; x_wconf 83' lang='grc' dir='ltr'><strong>ΙΧ.</strong></span> 
     </span>
    </p>
   </div>
   <div class='ocr_carea' id='block_1_4' title="bbox 170 1114 518 1186">
    <p class='ocr_par' dir='ltr' id='par_1_4' title="bbox 170 1114 518 1186">
     <span class='ocr_line' id='line_1_5' title="bbox 170 1114 518 1186; baseline -0.006 -6"><span class='ocrx_word' id='word_1_12' title='bbox 170 1115 373 1181; x_wconf 78' lang='lat' dir='ltr'><strong>Bnarrssmn</strong></span> <span class='ocrx_word' id='word_1_13' title='bbox 397 1114 518 1186; x_wconf 79' lang='lat' dir='ltr'><strong>Parus,</strong></span> 
     </span>
    </p>
   </div>
   <div class='ocr_carea' id='block_1_5' title="bbox 81 1232 1239 3268">
    <p class='ocr_par' dir='ltr' id='par_1_5' title="bbox 167 1232 1222 2529">
     <span class='ocr_line' id='line_1_6' title="bbox 211 1232 1221 1318; baseline 0.002 -20"><span class='ocrx_word' id='word_1_14' title='bbox 211 1236 403 1298; x_wconf 75' lang='lat' dir='ltr'><strong>Pmrinnn</strong></span> <span class='ocrx_word' id='word_1_15' title='bbox 423 1235 524 1298; x_wconf 92' lang='lat' dir='ltr'><strong>totius</strong></span> <span class='ocrx_word' id='word_1_16' title='bbox 548 1239 675 1297; x_wconf 90' lang='lat' dir='ltr'><strong>nostrae</strong></span> <span class='ocrx_word' id='word_1_17' title='bbox 695 1234 802 1317; x_wconf 89' lang='lat' dir='ltr'><strong>gentis</strong></span> <span class='ocrx_word' id='word_1_18' title='bbox 824 1234 988 1318; x_wconf 79' lang='lat' dir='ltr'><strong>Synodum</strong></span> <span class='ocrx_word' id='word_1_19' title='bbox 1011 1255 1051 1299; x_wconf 82' lang='lat' dir='ltr'><strong>ex</strong></span> <span class='ocrx_word' id='word_1_20' title='bbox 1071 1232 1221 1300; x_wconf 90' lang='lat' dir='ltr'><strong>Beatitu·</strong></span> 
     </span>
     <span class='ocr_line' id='line_1_7' title="bbox 167 1333 1222 1420; baseline 0.002 -18"><span class='ocrx_word' id='word_1_21' title='bbox 167 1337 253 1402; x_wconf 85' lang='lat' dir='ltr'><strong>dinis</strong></span> <span class='ocrx_word' id='word_1_22' title='bbox 270 1338 357 1400; x_wconf 84' lang='lat' dir='ltr'>Tuae</span> <span class='ocrx_word' id='word_1_23' title='bbox 380 1333 570 1400; x_wconf 88' lang='lat' dir='ltr'><strong>auctoritate</strong></span> <span class='ocrx_word' id='word_1_24' title='bbox 592 1336 827 1401; x_wconf 90' lang='lat' dir='ltr'><strong>celebrantibus</strong></span> <span class='ocrx_word' id='word_1_25' title='bbox 849 1337 933 1402; x_wconf 88' lang='lat' dir='ltr'><strong>inter</strong></span> <span class='ocrx_word' id='word_1_26' title='bbox 947 1338 1069 1420; x_wconf 90' lang='lat' dir='ltr'><strong>primas</strong></span> <span class='ocrx_word' id='word_1_27' title='bbox 1089 1343 1222 1412; x_wconf 81' lang='lat' dir='ltr'><strong>nostras</strong></span> 
     </span>
     <span class='ocr_line' id='line_1_8' title="bbox 167 1438 1220 1522; baseline 0.001 -17"><span class='ocrx_word' id='word_1_28' title='bbox 167 1460 261 1505; x_wconf 89' lang='lat' dir='ltr'><strong>ouras</strong></span> <span class='ocrx_word' id='word_1_29' title='bbox 277 1445 327 1503; x_wconf 89' lang='lat' dir='ltr'><strong>est</strong></span> <span class='ocrx_word' id='word_1_30' title='bbox 342 1440 383 1502; x_wconf 88' lang='lat' dir='ltr'><strong>ad</strong></span> <span class='ocrx_word' id='word_1_31' title='bbox 398 1440 485 1503; x_wconf 85' lang='lat' dir='ltr'><strong>Tuos</strong></span> <span class='ocrx_word' id='word_1_32' title='bbox 512 1459 619 1502; x_wconf 88' lang='lat' dir='ltr'><strong>sacros</strong></span> <span class='ocrx_word' id='word_1_33' title='bbox 642 1438 739 1522; x_wconf 90' lang='lat' dir='ltr'><strong>pedes</strong></span> <span class='ocrx_word' id='word_1_34' title='bbox 760 1439 937 1521; x_wconf 73' lang='lat' dir='ltr'><strong>provolutis</strong></span> <span class='ocrx_word' id='word_1_35' title='bbox 952 1439 1220 1506; x_wconf 86' lang='lat' dir='ltr'><strong>Benedictionem</strong></span> 
     </span>
     <span class='ocr_line' id='line_1_9' title="bbox 169 1541 1221 1628; baseline 0.003 -23"><span class='ocrx_word' id='word_1_36' title='bbox 169 1543 275 1606; x_wconf 84' lang='lat' dir='ltr'><strong>Tuam</strong></span> <span class='ocrx_word' id='word_1_37' title='bbox 289 1564 346 1626; x_wconf 91' lang='lat' dir='ltr'><strong>pro</strong></span> <span class='ocrx_word' id='word_1_38' title='bbox 362 1542 455 1606; x_wconf 89' lang='lat' dir='ltr'><strong>nobis</strong></span> <span class='ocrx_word' id='word_1_39' title='bbox 479 1547 512 1605; x_wconf 91' lang='lat' dir='ltr'><strong>et</strong></span> <span class='ocrx_word' id='word_1_40' title='bbox 532 1541 681 1624; x_wconf 83' lang='lat' dir='ltr'><strong>gregibus</strong></span> <span class='ocrx_word' id='word_1_41' title='bbox 705 1541 798 1606; x_wconf 93' lang='lat' dir='ltr'><strong>nobis</strong></span> <span class='ocrx_word' id='word_1_42' title='bbox 821 1543 1003 1608; x_wconf 79' lang='lat' dir='ltr'>commissis</span> <span class='ocrx_word' id='word_1_43' title='bbox 1018 1544 1111 1608; x_wconf 84' lang='lat' dir='ltr'><strong>enixe</strong></span> <span class='ocrx_word' id='word_1_44' title='bbox 1126 1541 1221 1628; x_wconf 87' lang='lat' dir='ltr'><strong>fiagi-</strong></span> 
     </span>
     <span class='ocr_line' id='line_1_10' title="bbox 167 1642 1221 1728; baseline 0.003 -19"><span class='ocrx_word' id='word_1_45' title='bbox 167 1651 246 1709; x_wconf 90' lang='lat' dir='ltr'><strong>tare.</strong></span> <span class='ocrx_word' id='word_1_46' title='bbox 293 1642 328 1711; x_wconf 83' lang='lat' dir='ltr'><strong>Si</strong></span> <span class='ocrx_word' id='word_1_47' title='bbox 343 1646 430 1708; x_wconf 93' lang='lat' dir='ltr'><strong>enim</strong></span> <span class='ocrx_word' id='word_1_48' title='bbox 448 1645 578 1728; x_wconf 87' lang='lat' dir='ltr'><strong>justum</strong></span> <span class='ocrx_word' id='word_1_49' title='bbox 601 1650 634 1707; x_wconf 90' lang='lat' dir='ltr'><strong>et</strong></span> <span class='ocrx_word' id='word_1_50' title='bbox 656 1665 833 1727; x_wconf 89' lang='lat' dir='ltr'><strong>congruum</strong></span> <span class='ocrx_word' id='word_1_51' title='bbox 856 1651 907 1710; x_wconf 89' lang='lat' dir='ltr'><strong>est</strong></span> <span class='ocrx_word' id='word_1_52' title='bbox 929 1651 967 1711; x_wconf 90' lang='lat' dir='ltr'><strong>ut</strong></span> <span class='ocrx_word' id='word_1_53' title='bbox 988 1646 1075 1710; x_wconf 88' lang='lat' dir='ltr'><strong>uude</strong></span> <span class='ocrx_word' id='word_1_54' title='bbox 1098 1647 1221 1712; x_wconf 88' lang='lat' dir='ltr'><strong>Unitas</strong></span> 
     </span>
     <span class='ocr_line' id='line_1_11' title="bbox 169 1745 1220 1814; baseline 0.003 -3"><span class='ocrx_word' id='word_1_55' title='bbox 169 1746 374 1811; x_wconf 89' lang='lat' dir='ltr'><strong>sacerdotalis</strong></span> <span class='ocrx_word' id='word_1_56' title='bbox 385 1753 455 1810; x_wconf 89' lang='lat' dir='ltr'><strong>orta</strong></span> <span class='ocrx_word' id='word_1_57' title='bbox 470 1752 520 1811; x_wconf 91' lang='lat' dir='ltr'><strong>est</strong></span> <span class='ocrx_word' id='word_1_58' title='bbox 534 1747 598 1810; x_wconf 93' lang='lat' dir='ltr'><strong>huc</strong></span> <span class='ocrx_word' id='word_1_59' title='bbox 613 1765 653 1809; x_wconf 86' lang='lat' dir='ltr'><strong>ex</strong></span> <span class='ocrx_word' id='word_1_60' title='bbox 667 1745 817 1811; x_wconf 91' lang='lat' dir='ltr'><strong>omnibus</strong></span> <span class='ocrx_word' id='word_1_61' title='bbox 832 1747 1021 1813; x_wconf 87' lang='lat' dir='ltr'><strong>nationibus</strong></span> <span class='ocrx_word' id='word_1_62' title='bbox 1037 1748 1220 1814; x_wconf 74' lang='lat' dir='ltr'><strong>sacerdotes</strong></span> 
     </span>
     <span class='ocr_line' id='line_1_12' title="bbox 168 1848 1220 1933; baseline 0.002 -20"><span class='ocrx_word' id='word_1_63' title='bbox 168 1849 301 1913; x_wconf 87' lang='lat' dir='ltr'><strong>Domini</strong></span> <span class='ocrx_word' id='word_1_64' title='bbox 316 1854 518 1926; x_wconf 88' lang='lat' dir='ltr'><strong>concurrant,</strong></span> <span class='ocrx_word' id='word_1_65' title='bbox 542 1848 645 1913; x_wconf 90' lang='lat' dir='ltr'><strong>multo</strong></span> <span class='ocrx_word' id='word_1_66' title='bbox 668 1849 772 1933; x_wconf 90' lang='lat' dir='ltr'><strong>magis</strong></span> <span class='ocrx_word' id='word_1_67' title='bbox 798 1869 886 1914; x_wconf 88' lang='lat' dir='ltr'><strong>nuno</strong></span> <span class='ocrx_word' id='word_1_68' title='bbox 912 1851 1003 1914; x_wconf 89' lang='lat' dir='ltr'><strong>decet</strong></span> <span class='ocrx_word' id='word_1_69' title='bbox 1025 1850 1220 1916; x_wconf 76' lang='lat' dir='ltr'><strong>Hiberniam</strong></span> 
     </span>
     <span class='ocr_line' id='line_1_13' title="bbox 168 1950 1221 2032; baseline 0.003 -17"><span class='ocrx_word' id='word_1_70' title='bbox 168 1958 317 2017; x_wconf 89' lang='lat' dir='ltr'><strong>nostram</strong></span> <span class='ocrx_word' id='word_1_71' title='bbox 332 1951 375 2016; x_wconf 92' lang='lat' dir='ltr'><strong>ad</strong></span> <span class='ocrx_word' id='word_1_72' title='bbox 391 1953 446 2030; x_wconf 85' lang='lat' dir='ltr'><strong>Tc,</strong></span> <span class='ocrx_word' id='word_1_73' title='bbox 463 1951 657 2016; x_wconf 76' lang='lat' dir='ltr'><strong>Beatissimo</strong></span> <span class='ocrx_word' id='word_1_74' title='bbox 672 1951 781 2031; x_wconf 87' lang='lat' dir='ltr'><strong>Pater,</strong></span> <span class='ocrx_word' id='word_1_75' title='bbox 794 1951 952 2032; x_wconf 88' lang='lat' dir='ltr'><strong>accedere,</strong></span> <span class='ocrx_word' id='word_1_76' title='bbox 965 1958 998 2016; x_wconf 90' lang='lat' dir='ltr'><strong>et</strong></span> <span class='ocrx_word' id='word_1_77' title='bbox 1013 1951 1054 2017; x_wconf 89' lang='lat' dir='ltr'><strong>ad</strong></span> <span class='ocrx_word' id='word_1_78' title='bbox 1066 1950 1221 2020; x_wconf 80' lang='lat' dir='ltr'><strong>Sanctam</strong></span> 
     </span>
     <span class='ocr_line' id='line_1_14' title="bbox 170 2051 1222 2141; baseline 0.001 -21"><span class='ocrx_word' id='word_1_79' title='bbox 170 2052 286 2120; x_wconf 85' lang='lat' dir='ltr'><strong>Scdem</strong></span> <span class='ocrx_word' id='word_1_80' title='bbox 300 2055 517 2139; x_wconf 89' lang='lat' dir='ltr'><strong>Apostolicam</strong></span> <span class='ocrx_word' id='word_1_81' title='bbox 531 2054 649 2118; x_wconf 87' lang='lat' dir='ltr'><strong>venire.</strong></span> <span class='ocrx_word' id='word_1_82' title='bbox 702 2054 813 2139; x_wconf 64' lang='lat' dir='ltr'><strong>‚Super</strong></span> <span class='ocrx_word' id='word_1_83' title='bbox 836 2051 934 2120; x_wconf 91' lang='lat' dir='ltr'><strong>istius</strong></span> <span class='ocrx_word' id='word_1_84' title='bbox 955 2073 1096 2141; x_wconf 86' lang='lat' dir='ltr'><strong>namque</strong></span> <span class='ocrx_word' id='word_1_85' title='bbox 1110 2062 1222 2139; x_wconf 88' lang='lat' dir='ltr'><strong>petrae</strong></span> 
     </span>
     <span class='ocr_line' id='line_1_15' title="bbox 170 2154 1220 2241; baseline 0.001 -19"><span class='ocrx_word' id='word_1_86' title='bbox 170 2157 333 2222; x_wconf 78' lang='lat' dir='ltr'><strong>soliditate</strong></span> <span class='ocrx_word' id='word_1_87' title='bbox 358 2158 485 2222; x_wconf 87' lang='lat' dir='ltr'><strong>fundati</strong></span> <span class='ocrx_word' id='word_1_88' title='bbox 510 2158 769 2241; x_wconf 80' lang='lat' dir='ltr'><strong>praedecessores</strong></span> <span class='ocrx_word' id='word_1_89' title='bbox 803 2154 907 2222; x_wconf 91' lang='lat' dir='ltr'><strong>nostri</strong></span> <span class='ocrx_word' id='word_1_90' title='bbox 927 2156 1062 2221; x_wconf 90' lang='lat' dir='ltr'><strong>domum</strong></span> <span class='ocrx_word' id='word_1_91' title='bbox 1085 2157 1160 2222; x_wconf 88' lang='lat' dir='ltr'><strong>fidei</strong></span> <span class='ocrx_word' id='word_1_92' title='bbox 1183 2159 1220 2223; x_wconf 92' lang='lat' dir='ltr'><strong>in</strong></span> 
     </span>
     <span class='ocr_line' id='line_1_16' title="bbox 168 2258 1220 2345; baseline -0.001 -20"><span class='ocrx_word' id='word_1_93' title='bbox 168 2261 229 2325; x_wconf 91' lang='lat' dir='ltr'><strong>hac</strong></span> <span class='ocrx_word' id='word_1_94' title='bbox 243 2260 351 2324; x_wconf 89' lang='lat' dir='ltr'><strong>insula</strong></span> <span class='ocrx_word' id='word_1_95' title='bbox 366 2259 596 2325; x_wconf 85' lang='lat' dir='ltr'><strong>aedificarunt:</strong></span> <span class='ocrx_word' id='word_1_96' title='bbox 614 2265 805 2345; x_wconf 91' lang='lat' dir='ltr'><strong>quapropter</strong></span> <span class='ocrx_word' id='word_1_97' title='bbox 819 2258 937 2324; x_wconf 90' lang='lat' dir='ltr'><strong>domus</strong></span> <span class='ocrx_word' id='word_1_98' title='bbox 951 2259 1007 2324; x_wconf 90' lang='lat' dir='ltr'><strong>illa</strong></span> <span class='ocrx_word' id='word_1_99' title='bbox 1016 2280 1081 2324; x_wconf 93' lang='lat' dir='ltr'><strong>non</strong></span> <span class='ocrx_word' id='word_1_100' title='bbox 1092 2260 1220 2337; x_wconf 86' lang='lat' dir='ltr'><strong>cecidit,</strong></span> 
     </span>
     <span class='ocr_line' id='line_1_17' title="bbox 170 2362 1218 2447; baseline 0 -21"><span class='ocrx_word' id='word_1_101' title='bbox 170 2362 245 2426; x_wconf 90' lang='lat' dir='ltr'><strong>licet</strong></span> <span class='ocrx_word' id='word_1_102' title='bbox 259 2383 316 2446; x_wconf 90' lang='lat' dir='ltr'><strong>per</strong></span> <span class='ocrx_word' id='word_1_103' title='bbox 333 2367 513 2425; x_wconf 74' lang='lat' dir='ltr'><strong>tercentum</strong></span> <span class='ocrx_word' id='word_1_104' title='bbox 533 2364 598 2426; x_wconf 83' lang='lat' dir='ltr'><strong>fere</strong></span> <span class='ocrx_word' id='word_1_105' title='bbox 613 2381 716 2429; x_wconf 89' lang='lat' dir='ltr'><strong>annos</strong></span> <span class='ocrx_word' id='word_1_106' title='bbox 731 2363 839 2447; x_wconf 83' lang='lat' dir='ltr'><strong>pluvia</strong></span> <span class='ocrx_word' id='word_1_107' title='bbox 860 2362 1058 2427; x_wconf 85' lang='lat' dir='ltr'><strong>descenderit</strong></span> <span class='ocrx_word' id='word_1_108' title='bbox 1073 2368 1107 2426; x_wconf 91' lang='lat' dir='ltr'><strong>et</strong></span> <span class='ocrx_word' id='word_1_109' title='bbox 1121 2381 1218 2426; x_wconf 89' lang='lat' dir='ltr'><strong>vene·</strong></span> 
     </span>
     <span class='ocr_line' id='line_1_18' title="bbox 169 2461 1219 2529; baseline 0.001 -1"><span class='ocrx_word' id='word_1_110' title='bbox 169 2464 237 2528; x_wconf 87' lang='lat' dir='ltr'><strong>rint</strong></span> <span class='ocrx_word' id='word_1_111' title='bbox 251 2461 387 2526; x_wconf 89' lang='lat' dir='ltr'><strong>flumina</strong></span> <span class='ocrx_word' id='word_1_112' title='bbox 401 2465 433 2527; x_wconf 91' lang='lat' dir='ltr'><strong>et</strong></span> <span class='ocrx_word' id='word_1_113' title='bbox 448 2465 536 2528; x_wconf 89' lang='lat' dir='ltr'><strong>venti</strong></span> <span class='ocrx_word' id='word_1_114' title='bbox 550 2461 697 2528; x_wconf 86' lang='lat' dir='ltr'><strong>flaverint</strong></span> <span class='ocrx_word' id='word_1_115' title='bbox 712 2469 745 2528; x_wconf 93' lang='lat' dir='ltr'><strong>et</strong></span> <span class='ocrx_word' id='word_1_116' title='bbox 759 2465 911 2528; x_wconf 87' lang='lat' dir='ltr'><strong>irruerint</strong></span> <span class='ocrx_word' id='word_1_117' title='bbox 925 2466 960 2528; x_wconf 93' lang='lat' dir='ltr'><strong>in</strong></span> <span class='ocrx_word' id='word_1_118' title='bbox 972 2464 1103 2529; x_wconf 91' lang='lat' dir='ltr'><strong>domum</strong></span> <span class='ocrx_word' id='word_1_119' title='bbox 1116 2463 1219 2529; x_wconf 90' lang='lat' dir='ltr'><strong>illam.</strong></span> 
     </span>
    </p>

    <p class='ocr_par' dir='ltr' id='par_1_6' title="bbox 81 2563 1239 3060">
     <span class='ocr_line' id='line_1_19' title="bbox 214 2563 1219 2650; baseline 0 -20"><span class='ocrx_word' id='word_1_120' title='bbox 214 2565 289 2630; x_wconf 84' lang='lat' dir='ltr'><strong>Nox</strong></span> <span class='ocrx_word' id='word_1_121' title='bbox 311 2571 422 2629; x_wconf 89' lang='lat' dir='ltr'><strong>tamen</strong></span> <span class='ocrx_word' id='word_1_122' title='bbox 444 2567 507 2630; x_wconf 89' lang='lat' dir='ltr'><strong>ista</strong></span> <span class='ocrx_word' id='word_1_123' title='bbox 521 2567 705 2650; x_wconf 86' lang='lat' dir='ltr'><strong>praecessit,</strong></span> <span class='ocrx_word' id='word_1_124' title='bbox 723 2587 787 2630; x_wconf 87' lang='lat' dir='ltr'><strong>nox</strong></span> <span class='ocrx_word' id='word_1_125' title='bbox 811 2567 933 2631; x_wconf 91' lang='lat' dir='ltr'><strong>scilicet</strong></span> <span class='ocrx_word' id='word_1_126' title='bbox 946 2563 1219 2650; x_wconf 63' lang='lat' dir='ltr'><strong>persecutionum</strong></span> 
     </span>
     <span class='ocr_line' id='line_1_20' title="bbox 170 2665 1221 2753; baseline 0.001 -20"><span class='ocrx_word' id='word_1_127' title='bbox 170 2674 203 2733; x_wconf 91' lang='lat' dir='ltr'><strong>et</strong></span> <span class='ocrx_word' id='word_1_128' title='bbox 218 2689 450 2745; x_wconf 88' lang='lat' dir='ltr'><strong>aerumnarum,</strong></span> <span class='ocrx_word' id='word_1_129' title='bbox 468 2668 595 2752; x_wconf 89' lang='lat' dir='ltr'><strong>quando</strong></span> <span class='ocrx_word' id='word_1_130' title='bbox 621 2665 732 2732; x_wconf 88' lang='lat' dir='ltr'><strong>fideles</strong></span> <span class='ocrx_word' id='word_1_131' title='bbox 755 2666 892 2734; x_wconf 87' lang='lat' dir='ltr'><strong>ludibria</strong></span> <span class='ocrx_word' id='word_1_132' title='bbox 904 2675 936 2733; x_wconf 92' lang='lat' dir='ltr'><strong>et</strong></span> <span class='ocrx_word' id='word_1_133' title='bbox 950 2668 1081 2735; x_wconf 87' lang='lat' dir='ltr'><strong>verbera</strong></span> <span class='ocrx_word' id='word_1_134' title='bbox 1096 2671 1221 2753; x_wconf 81' lang='lat' dir='ltr'><strong>experti</strong></span> 
     </span>
     <span class='ocr_line' id='line_1_21' title="bbox 171 2771 1220 2856; baseline 0 -20"><span class='ocrx_word' id='word_1_135' title='bbox 171 2777 259 2848; x_wconf 90' lang='lat' dir='ltr'><strong>sunt,</strong></span> <span class='ocrx_word' id='word_1_136' title='bbox 275 2771 409 2854; x_wconf 87' lang='lat' dir='ltr'><strong>insuper</strong></span> <span class='ocrx_word' id='word_1_137' title='bbox 433 2776 467 2834; x_wconf 90' lang='lat' dir='ltr'><strong>et</strong></span> <span class='ocrx_word' id='word_1_138' title='bbox 492 2771 621 2836; x_wconf 82' lang='lat' dir='ltr'><strong>vincula</strong></span> <span class='ocrx_word' id='word_1_139' title='bbox 647 2777 680 2834; x_wconf 89' lang='lat' dir='ltr'><strong>et</strong></span> <span class='ocrx_word' id='word_1_140' title='bbox 704 2791 853 2850; x_wconf 86' lang='lat' dir='ltr'><strong>carceres,</strong></span> <span class='ocrx_word' id='word_1_141' title='bbox 871 2778 1012 2856; x_wconf 83' lang='lat' dir='ltr'><strong>egentes,</strong></span> <span class='ocrx_word' id='word_1_142' title='bbox 1030 2773 1220 2856; x_wconf 88' lang='lat' dir='ltr'><strong>angustiati,</strong></span> 
     </span>
     <span class='ocr_line' id='line_1_22' title="bbox 81 2872 1239 2961; baseline -0.001 -20"><span class='ocrx_word' id='word_1_143' title='bbox 81 2935 84 2941; x_wconf 89' lang='lat'><em>.</em></span> <span class='ocrx_word' id='word_1_144' title='bbox 173 2874 293 2952; x_wconf 90' lang='lat' dir='ltr'><strong>afflicti,</strong></span> <span class='ocrx_word' id='word_1_145' title='bbox 306 2874 432 2958; x_wconf 89' lang='lat' dir='ltr'><strong>quando</strong></span> <span class='ocrx_word' id='word_1_146' title='bbox 443 2873 623 2938; x_wconf 89' lang='lat' dir='ltr'><strong>sacerdotes</strong></span> <span class='ocrx_word' id='word_1_147' title='bbox 632 2873 765 2938; x_wconf 92' lang='lat' dir='ltr'><strong>Domini</strong></span> <span class='ocrx_word' id='word_1_148' title='bbox 779 2875 814 2937; x_wconf 92' lang='lat' dir='ltr'><strong>in</strong></span> <span class='ocrx_word' id='word_1_149' title='bbox 824 2872 1055 2940; x_wconf 89' lang='lat' dir='ltr'><strong>solitudinibus</strong></span> <span class='ocrx_word' id='word_1_150' title='bbox 1070 2873 1221 2940; x_wconf 87' lang='lat' dir='ltr'><strong>errabant</strong></span> <span class='ocrx_word' id='word_1_151' title='bbox 1236 2956 1239 2961; x_wconf 65' lang='lat'><strong>,</strong></span> 
     </span>
     <span class='ocr_line' id='line_1_23' title="bbox 169 2977 990 3060; baseline 0.004 -20"><span class='ocrx_word' id='word_1_152' title='bbox 169 2977 204 3040; x_wconf 90' lang='lat' dir='ltr'><strong>in</strong></span> <span class='ocrx_word' id='word_1_153' title='bbox 226 2977 392 3041; x_wconf 88' lang='lat' dir='ltr'><strong>montibus</strong></span> <span class='ocrx_word' id='word_1_154' title='bbox 407 2982 439 3040; x_wconf 92' lang='lat' dir='ltr'><strong>et</strong></span> <span class='ocrx_word' id='word_1_155' title='bbox 450 2977 609 3060; x_wconf 90' lang='lat' dir='ltr'><strong>speluncis</strong></span> <span class='ocrx_word' id='word_1_156' title='bbox 624 2977 705 3041; x_wconf 91' lang='lat' dir='ltr'><strong>etin</strong></span> <span class='ocrx_word' id='word_1_157' title='bbox 721 2978 863 3042; x_wconf 86' lang='lat' dir='ltr'><strong>cavernis</strong></span> <span class='ocrx_word' id='word_1_158' title='bbox 876 2984 990 3043; x_wconf 90' lang='lat' dir='ltr'><strong>terrae.</strong></span> 
     </span>
    </p>

    <p class='ocr_par' dir='ltr' id='par_1_7' title="bbox 104 3077 1225 3268">
     <span class='ocr_line' id='line_1_24' title="bbox 207 3077 1221 3165; baseline 0.002 -23"><span class='ocrx_word' id='word_1_159' title='bbox 207 3079 286 3144; x_wconf 89' lang='lat' dir='ltr'><strong>Dies</strong></span> <span class='ocrx_word' id='word_1_160' title='bbox 298 3085 405 3143; x_wconf 91' lang='lat' dir='ltr'><strong>autem</strong></span> <span class='ocrx_word' id='word_1_161' title='bbox 417 3077 700 3165; x_wconf 88' lang='lat' dir='ltr'><strong>appropinquavit;</strong></span> <span class='ocrx_word' id='word_1_162' title='bbox 718 3086 750 3144; x_wconf 91' lang='lat' dir='ltr'><strong>et</strong></span> <span class='ocrx_word' id='word_1_163' title='bbox 763 3086 837 3164; x_wconf 89' lang='lat' dir='ltr'><strong>post</strong></span> <span class='ocrx_word' id='word_1_164' title='bbox 846 3080 1015 3164; x_wconf 90' lang='lat' dir='ltr'><strong>caliginem</strong></span> <span class='ocrx_word' id='word_1_165' title='bbox 1023 3080 1221 3160; x_wconf 88' lang='lat' dir='ltr'><strong>diuturnam,</strong></span> 
     </span>
     <span class='ocr_line' id='line_1_25' title="bbox 104 3181 1225 3268; baseline 0.009 -30"><span class='ocrx_word' id='word_1_166' title='bbox 104 3228 110 3238; x_wconf 89' lang='lat'>.</span> <span class='ocrx_word' id='word_1_167' title='bbox 172 3202 322 3266; x_wconf 89' lang='lat' dir='ltr'><strong>magnam</strong></span> <span class='ocrx_word' id='word_1_168' title='bbox 337 3181 471 3263; x_wconf 89' lang='lat' dir='ltr'><strong>gloriam</strong></span> <span class='ocrx_word' id='word_1_169' title='bbox 494 3182 609 3246; x_wconf 90' lang='lat' dir='ltr'><strong>domus</strong></span> <span class='ocrx_word' id='word_1_170' title='bbox 631 3183 729 3247; x_wconf 91' lang='lat' dir='ltr'><strong>istius</strong></span> <span class='ocrx_word' id='word_1_171' title='bbox 754 3182 946 3247; x_wconf 82' lang='lat' dir='ltr'><strong>novissimae</strong></span> <span class='ocrx_word' id='word_1_172' title='bbox 972 3183 1036 3246; x_wconf 89' lang='lat' dir='ltr'><strong>lere</strong></span> <span class='ocrx_word' id='word_1_173' title='bbox 1050 3182 1225 3268; x_wconf 89' lang='lat' dir='ltr'><strong>plusquam</strong></span> 
     </span>
    </p>
   </div>
   <div class='ocr_carea' id='block_1_6' title="bbox 172 3384 1226 3880">
    <p class='ocr_par' dir='ltr' id='par_1_8' title="bbox 172 3384 1226 3880">
     <span class='ocr_line' id='line_1_26' title="bbox 172 3384 1226 3472; baseline 0.003 -22"><span class='ocrx_word' id='word_1_174' title='bbox 172 3385 370 3450; x_wconf 81' lang='lat' dir='ltr'><strong>exultatione</strong></span> <span class='ocrx_word' id='word_1_175' title='bbox 398 3387 550 3451; x_wconf 88' lang='lat' dir='ltr'><strong>metimus</strong></span> <span class='ocrx_word' id='word_1_176' title='bbox 580 3406 662 3471; x_wconf 88' lang='lat' dir='ltr'><strong>quae</strong></span> <span class='ocrx_word' id='word_1_177' title='bbox 704 3393 810 3472; x_wconf 87' lang='lat' dir='ltr'><strong>patres</strong></span> <span class='ocrx_word' id='word_1_178' title='bbox 849 3384 962 3465; x_wconf 90' lang='lat' dir='ltr'><strong>nostri,</strong></span> <span class='ocrx_word' id='word_1_179' title='bbox 1001 3387 1036 3451; x_wconf 94' lang='lat' dir='ltr'><strong>in</strong></span> <span class='ocrx_word' id='word_1_180' title='bbox 1073 3387 1226 3471; x_wconf 80' lang='lat' dir='ltr'><strong>lacrymis</strong></span> 
     </span>
     <span class='ocr_line' id='line_1_27' title="bbox 175 3489 1225 3575; baseline 0.005 -25"><span class='ocrx_word' id='word_1_181' title='bbox 175 3489 422 3553; x_wconf 83' lang='lat' dir='ltr'><strong>seminaverunt.</strong></span> <span class='ocrx_word' id='word_1_182' title='bbox 481 3490 552 3553; x_wconf 91' lang='lat' dir='ltr'><strong>Deo</strong></span> <span class='ocrx_word' id='word_1_183' title='bbox 580 3490 681 3573; x_wconf 90' lang='lat' dir='ltr'><strong>igitur</strong></span> <span class='ocrx_word' id='word_1_184' title='bbox 713 3489 853 3574; x_wconf 89' lang='lat' dir='ltr'><strong>agendae</strong></span> <span class='ocrx_word' id='word_1_185' title='bbox 894 3495 972 3554; x_wconf 90' lang='lat' dir='ltr'><strong>sunt</strong></span> <span class='ocrx_word' id='word_1_186' title='bbox 1000 3490 1121 3573; x_wconf 89' lang='lat' dir='ltr'><strong>gratiae</strong></span> <span class='ocrx_word' id='word_1_187' title='bbox 1164 3511 1225 3575; x_wconf 94' lang='lat' dir='ltr'><strong>pro</strong></span> 
     </span>
     <span class='ocr_line' id='line_1_28' title="bbox 179 3590 1221 3674; baseline 0.001 -19"><span class='ocrx_word' id='word_1_188' title='bbox 179 3590 288 3655; x_wconf 89' lang='lat' dir='ltr'><strong>sedata</strong></span> <span class='ocrx_word' id='word_1_189' title='bbox 315 3591 453 3674; x_wconf 91' lang='lat' dir='ltr'><strong>procella</strong></span> <span class='ocrx_word' id='word_1_190' title='bbox 482 3597 514 3655; x_wconf 91' lang='lat' dir='ltr'><strong>et</strong></span> <span class='ocrx_word' id='word_1_191' title='bbox 544 3592 647 3655; x_wconf 87' lang='lat' dir='ltr'><strong>salute</strong></span> <span class='ocrx_word' id='word_1_192' title='bbox 676 3611 848 3658; x_wconf 87' lang='lat' dir='ltr'><strong>concessa:</strong></span> <span class='ocrx_word' id='word_1_193' title='bbox 888 3591 962 3656; x_wconf 84' lang='lat' dir='ltr'><strong>Tibi</strong></span> <span class='ocrx_word' id='word_1_194' title='bbox 990 3613 1074 3669; x_wconf 84' lang='lat' dir='ltr'><strong>vero,</strong></span> <span class='ocrx_word' id='word_1_195' title='bbox 1113 3592 1221 3670; x_wconf 87' lang='lat' dir='ltr'><strong>Patre,</strong></span> 
     </span>
     <span class='ocr_line' id='line_1_29' title="bbox 174 3691 1224 3777; baseline 0.003 -21"><span class='ocrx_word' id='word_1_196' title='bbox 174 3691 380 3777; x_wconf 89' lang='lat' dir='ltr'><strong>gubernatori</strong></span> <span class='ocrx_word' id='word_1_197' title='bbox 395 3693 497 3770; x_wconf 84' lang='lat' dir='ltr'><strong>navis,</strong></span> <span class='ocrx_word' id='word_1_198' title='bbox 514 3693 668 3777; x_wconf 87' lang='lat' dir='ltr'><strong>gratulari</strong></span> <span class='ocrx_word' id='word_1_199' title='bbox 693 3695 791 3759; x_wconf 87' lang='lat' dir='ltr'><strong>etiam</strong></span> <span class='ocrx_word' id='word_1_200' title='bbox 807 3693 970 3758; x_wconf 88' lang='lat' dir='ltr'><strong>debemus.</strong></span> <span class='ocrx_word' id='word_1_201' title='bbox 1019 3693 1130 3758; x_wconf 87' lang='lat' dir='ltr'><strong>Patres</strong></span> <span class='ocrx_word' id='word_1_202' title='bbox 1145 3695 1224 3759; x_wconf 91' lang='lat' dir='ltr'><strong>fidei</strong></span> 
     </span>
     <span class='ocr_line' id='line_1_30' title="bbox 174 3796 1224 3880; baseline 0.002 -20"><span class='ocrx_word' id='word_1_203' title='bbox 174 3802 302 3860; x_wconf 88' lang='lat' dir='ltr'><strong>nostrae</strong></span> <span class='ocrx_word' id='word_1_204' title='bbox 318 3815 375 3879; x_wconf 89' lang='lat' dir='ltr'><strong>per</strong></span> <span class='ocrx_word' id='word_1_205' title='bbox 389 3801 491 3860; x_wconf 90' lang='lat' dir='ltr'><strong>totam</strong></span> <span class='ocrx_word' id='word_1_206' title='bbox 507 3796 597 3860; x_wconf 91' lang='lat' dir='ltr'><strong>illam</strong></span> <span class='ocrx_word' id='word_1_207' title='bbox 612 3804 739 3863; x_wconf 89' lang='lat' dir='ltr'><strong>noctem</strong></span> <span class='ocrx_word' id='word_1_208' title='bbox 763 3797 994 3862; x_wconf 87' lang='lat' dir='ltr'><strong>laboraverunt</strong></span> <span class='ocrx_word' id='word_1_209' title='bbox 1020 3797 1224 3880; x_wconf 88' lang='lat' dir='ltr'><strong>remigando,</strong></span> 
     </span>
    </p>
   </div>
   <div class='ocr_carea' id='block_1_7' title="bbox 0 0 1298 4410">
    <p class='ocr_par' dir='ltr' id='par_1_9' title="bbox 0 0 1298 4410">
     <span class='ocr_line' id='line_1_31' title="bbox 0 0 1298 4410; baseline 0 0"><span class='ocrx_word' id='word_1_210' title='bbox 0 0 1298 4410; x_wconf 95' lang='lat' dir='ltr'><strong> </strong></span> 
     </span>
    </p>
   </div>
  </div>
 </body>
</html>
