2572 4410
188 115 380 181 catholicam
395 113 505 178 dooere
520 135 556 178 ae
576 114 672 190 tueri,
688 133 915 198 perversasque
942 115 1106 182 doctrinas
1127 139 1241 204 repro·

183 217 265 282 aare
289 235 461 300 nunquam
489 217 736 281 intermisimus.
781 216 876 280 Nunc
906 219 1015 283 autem
1051 219 1235 287 sedentibus

185 313 361 382 Nobiscum
376 318 408 380 et
419 314 641 399 judicantdrus
650 314 793 380 universi
802 315 888 378 orbis
902 315 1087 402 Episcopis,
1102 321 1140 383 in
1156 321 1236 384 hanc-

183 417 422 482 oecumenicam
459 414 625 498 synodum
662 416 851 479 auctoritate
896 415 1016 481 Nostra
1037 417 1073 482 in
1108 417 1230 502 Spiritu

182 522 303 585 Sancto
324 519 538 602 congregatis,
555 514 660 580 innixi
688 515 750 580 Dei
779 517 873 581 verbo
897 517 1014 603 scripto
1039 529 1074 586 ct
1104 525 1230 605 tradito,

181 629 281 708 prout
295 622 334 687 ab
349 621 498 685 Ecclesia
523 619 685 684 catholica
701 621 810 684 sancte
831 621 1032 687 custoditum
1048 627 1080 690 et
1096 630 1236 708 genuine

183 726 366 808 expositum
377 725 557 806 accepimus
571 745 580 799 ;
594 745 633 786 ex
648 723 708 785 hac
723 720 812 785 Petri
828 723 995 789 Cathedra
1009 728 1046 790 in
1062 733 1236 813 conspectu

184 823 331 890 omnium
347 823 522 888 salutarem
538 820 660 886 Christi
675 819 854 884 doctrinam
868 822 1014 905 profiteri
1027 834 1062 889 et
1075 827 1238 893 declarare

184 930 421 1004 constituimus,
438 927 577 991 aduersis
592 925 754 990 erroribus
769 929 932 1009 potestate
946 927 1041 994 nobis
1056 952 1079 993 a,
1089 931 1161 999 Deo
1177 939 1238 998 tra·

183 1031 251 1096 dita
264 1032 452 1116 proscriptis
467 1038 561 1115 atque
576 1031 745 1095 damnatis.

620 1262 763 1330 CAPUT
786 1263 815 1331 Ι.

411 1413 455 1458 DE
470 1413 535 1458 1)Εο
548 1413 664 1458 RERUM
678 1414 808 1460 OMNIUM
823 1414 1003 1461 maselan.

177 1529 180 1532 ’
227 1522 348 1587 Sancta
364 1518 530 1586 Catholica
552 1520 739 1605 Apostolics
753 1523 898 1587 Romana
921 1521 1071 1590 Ecclesia
1087 1525 1194 1592 credit
1206 1535 1240 1592 et

183 1627 364 1702 confitetur,
381 1644 485 1689 unum
506 1643 577 1688 esse
596 1625 703 1688 Deum
731 1645 843 1690 verum
858 1633 890 1690 et
912 1624 1033 1703 vivum,
1049 1626 1239 1698 Creatorem

183 1747 221 1793 ao
236 1728 412 1819 Dominum
428 1727 506 1790 coeli
521 1728 553 1790 et
567 1727 686 1801 terrae,
703 1728 967 1810 omnipotentem,
980 1735 1160 1807 aeternum,
1174 1730 1251 1797 im-

181 1851 344 1906 mensum,
360 1827 727 1912 incomprehensibilem,
743 1831 908 1895 intellectu
933 1851 971 1894 ao
987 1833 1154 1897 voluntate
1169 1854 1239 1898 om·

180 1937 279 2019 nique
304 1935 498 2017 perfectione
512 1930 677 1997 infinitum
694 1955 703 2009 3
727 1930 873 2016 quicum
896 1931 941 1998 sit
963 1955 1028 1998 una
1048 1932 1238 2018 singularis,

181 2038 319 2120 simplex
333 2035 464 2102 omnino
479 2042 512 2100 et
526 2035 802 2100 incommutabilis
833 2035 1018 2102 substantia
1042 2036 1232 2120 spiritualis,

180 2141 410 2224 praedicandus
425 2146 475 2203 est
489 2161 523 2202 re
538 2141 570 2204 et
584 2141 725 2203 essentia
740 2162 759 2203 a
773 2140 893 2204 mundo
904 2138 1087 2217 distinctus
1097 2140 1136 2206 in
1154 2162 1190 2208 se
1203 2149 1233 2209 et

181 2265 220 2307 ex
235 2264 269 2307 se
284 2243 499 2316 beatissimus,
515 2248 548 2305 et
564 2263 658 2324 super
673 2239 780 2305 omnia
795 2265 876 2326 quae
891 2250 1014 2326 praeter
1029 2245 1138 2326 ipsum
1154 2254 1232 2312 suut

181 2353 215 2411 et
229 2348 352 2429 concipi
366 2352 515 2428 possunt,
531 2344 735 2410 ineffabiliter
751 2347 908 2412 excelsus.

215 2451 290 2514 -Hic
313 2450 401 2514 solus
421 2469 515 2514 verus
535 2450 625 2512 Deus
644 2448 786 2513 bonitate
803 2471 860 2513 sua
880 2456 912 2514 et
934 2451 1150 2533 omnipotenti
1171 2454 1235 2516 rir-

181 2559 252 2618 tuts
274 2575 338 2617 non
355 2553 395 2616 sd
414 2551 594 2640 augendam
611 2573 702 2615 suam
725 2551 967 2630 beatitudinem,
984 2575 1042 2617 nec
1062 2554 1102 2616 ad
1124 2554 1235 2638 aequi·

176 2658 324 2732 rendam,
356 2655 412 2720 sed
434 2656 474 2718 ad
503 2653 769 2718 manifestandam
800 2657 1030 2738 perfectionem
1056 2675 1153 2719 suam
1176 2677 1237 2740 per

180 2761 278 2835 bona,
295 2781 375 2843 quae
397 2755 553 2821 creaturis
577 2753 771 2838 impertitur,
797 2757 960 2821 liberrimo
985 2757 1238 2828 consiliosimul

166 2900 167 2903 κ
180 2866 220 2930 ab
234 2865 329 2928 initio
344 2860 498 2946 temporis
513 2868 681 2943 utramque
705 2861 744 2924 de
759 2862 862 2924 nihilo
885 2859 1029 2926 condidit
1044 2868 1236 2943 creaturam,

61 3049 64 3053 ⁴
180 2966 388 3051 spiritualem
403 2973 435 3030 et
456 2964 659 3048 corporalem,
677 2961 856 3047 angelicam
868 2963 1016 3029 uidelicet
1041 2967 1073 3030 et
1097 2967 1238 3033 munda·

181 3093 267 3147 nam,
284 3092 319 3134 ao
335 3069 449 3133 deinde
475 3068 650 3131 humanam
665 3067 757 3148 quasi
782 3086 990 3130 communem
1005 3090 1044 3151 ex
1070 3067 1186 3152 spiritu
1197 3081 1239 3138 st

181 3194 309 3255 corpore
325 3167 559 3237 constitutam.¹
840 3173 841 3178 ’

225 3275 380 3341 Universa
408 3296 491 3350 vero,
523 3293 604 3356 quae
633 3272 784 3348 condidit,
816 3274 906 3336 Deus
942 3274 1141 3356 providentia
1175 3297 1238 3344 sua

180 3379 290 3443 tustm
305 3385 399 3462 atque
415 3378 580 3462 gubernat,
598 3376 759 3457 attingens
775 3374 871 3439 a-fine
884 3377 1039 3460 usquead
1053 3375 1154 3443 finem
1169 3378 1235 3444 lor·

480 3526 488 3557 ¹
502 3525 578 3574 Cone.
590 3523 674 3572 Later.
685 3520 718 3570 iv.
730 3535 752 3571 c.
765 3520 787 3569 1.
798 3521 927 3570 Firmiter.
