2572 4410
634 352 674 419 51

124 531 276 596 monium
297 528 471 614 requisitis,
496 526 666 592 delendum
696 533 889 592 censuerunt
919 527 1040 605 Patres,
1071 534 1109 593 ut
1138 527 1178 593 de

122 636 315 719 quaestione
350 638 514 715 tantopere
549 631 634 694 inter
663 631 844 715 Theologos
873 633 992 716 agitata
1017 632 1176 715 judicium

123 738 222 800 Sedis
237 735 439 820 Apostolicao
454 734 665 816 expeteictur.

167 836 298 902 Deinde
310 835 433 920 judicio
444 837 576 900 Petrum
586 834 749 918 subjectus
764 841 813 899 est
822 834 950 900 libellus
961 835 1000 899 de
1010 834 1175 900 oblationi·

117 941 185 1004 bus
201 942 365 1006 occasione
374 939 569 1002 matrimonii
579 939 647 1001 fieri
658 936 773 1014 solitis,
786 940 947 1003 confectus
957 938 996 1002 ab
1006 936 1176 1022 Episcopis

120 1043 313 1107 Provinciae
325 1041 543 1105 Gasselicnsis.
583 1038 659 1104 Post
669 1040 795 1105 brevem
805 1041 1064 1124 disceptationem
1074 1047 1174 1105 stetu·

117 1152 197 1210 tum
214 1151 264 1208 est
273 1143 372 1228 hujus
381 1143 482 1207 libelli
498 1143 688 1227 exemplaria
700 1142 908 1226 litographica
922 1143 1058 1227 singulis
1074 1140 1174 1206 Patri·

117 1247 185 1311 bus
200 1247 437 1330 quamprimum
448 1244 668 1310 distribuenda
679 1247 804 1322 esseut
813 1266 846 1308 re
856 1252 999 1308 accurate
1009 1264 1173 1329 perpense,

120 1351 161 1413 de
177 1370 218 1412 ea
236 1349 271 1411 in
287 1348 539 1431 congregatione
553 1349 661 1412 futura
676 1349 866 1413 sententiam
881 1349 1007 1412 ferrent.

166 1453 254 1514 Tum
282 1451 405 1534 prolato
433 1451 552 1514 iterum
582 1449 1171 1530 661166161θά6061161166166661616

120 1552 331 1629 1116111661ιῶ6,
347 1553 482 1636 perlegit
498 1552 691 1616 Secretarius
706 1553 790 1635 quod
805 1552 946 1615 restabat
959 1552 1057 1635 hujus
1080 1552 1170 1618 sche-

122 1658 222 1719 matis
252 1676 317 1719 non
341 1661 416 1718 ante
446 1654 578 1718 Petrum
615 1655 753 1717 examini
790 1654 998 1718 submissum.
1045 1656 1170 1740 Singuli

122 1757 251 1821 articuli
265 1757 306 1820 de
320 1777 407 1821 more
422 1758 547 1822 excussi
562 1763 697 1834 suntet,
713 1757 806 1820 factis
821 1757 1011 1840 quibusdam
1022 1759 1169 1824 emenda·

122 1861 278 1936 tionibus,
294 1860 427 1943 probati

165 1964 257 2027 Inter
271 1962 452 2044 legendum,
466 1982 539 2025 cum
554 1961 593 2025 de
608 1960 748 2026 collectis
762 1961 797 2024 in
813 1961 1039 2026 Universitatis
1052 1963 1168 2028 Catho-

121 2066 199 2129 licae
214 2063 396 2128 subsidium
410 2063 563 2128 faciendis
579 2070 724 2146 ageretur
737 2069 933 2147 protestatus
945 2071 994 2128 est
1009 2064 1125 2129 Illffius
1136 2073 1169 2130 et

121 2169 262 2231 Bevffius
276 2164 544 2248 Archiepiscopus
559 2162 749 2228 Tuamensis
764 2184 900 2247 aequum
913 2187 979 2229 non
995 2187 1064 2229 esse
1081 2168 1167 2231 utin

121 2290 178 2333 sua
200 2269 339 2333 dioecesi
364 2270 476 2332 fierent
505 2268 663 2350 ejusmodi
689 2267 838 2331 collectae
863 2289 963 2350 quum
988 2269 1022 2330 in
1049 2269 1167 2334 scholis

120 2372 348 2436 Universitctis
359 2369 540 2434 Catholicae
549 2371 672 2433 litterae
684 2369 874 2432 Hibernicae
886 2391 949 2433 non
959 2371 1167 2436 traderentur.

120 2475 358 2537 Animadvertit
372 2474 477 2537 Effius
492 2472 623 2536 Praeses
638 2473 680 2535 D.
696 2472 881 2555 Eugenium
897 2473 1049 2555 O’Ourry,
1062 2475 1166 2538 virum

121 2577 247 2640 sanein
271 2577 381 2659 lingua
399 2575 573 2638 Hibernioa
586 2575 829 2658 peritissimum,
845 2576 924 2638 olim
946 2576 980 2638 in
1003 2576 1165 2640 Universi-

119 2684 183 2742 tate
213 2679 425 2760 professorem
453 2678 549 2741 istius
578 2677 705 2761 linguae
735 2678 898 2741 extitisse:
922 2678 1029 2741 nullos
1058 2685 1166 2742 autem

118 2772 267 2844 ¹alumnos
296 2781 366 2862 ejus
395 2780 537 2843 scholam
566 2780 794 2863 frequentasse.
850 2780 1029 2862 Respondit
1059 2787 1165 2845 autem

119 2883 310 2946 Tuamensis
332 2882 476 2966 linguam
498 2881 707 2945 Hibernicam
733 2902 829 2965 quam
853 2882 998 2945 tradebat
1025 2884 1166 2967 O'Gurry

116 3006 181 3049 non
197 3005 269 3047 cam
283 2984 384 3048 fuisse
399 3005 461 3067 qua
474 3005 560 3047 nunc
574 2990 709 3048 utuntur
733 2985 868 3048 Hiberni
884 2985 939 3048 sed
955 2985 1164 3068 antiquiorem

117 3087 264 3169 ejusdem
278 3087 408 3170 linguae
423 3087 556 3150 formam
567 3087 693 3169 jamdiu
708 3084 899 3151 obsoletam.

158 3188 285 3252 Habita
298 3195 406 3252 tamen
426 3188 560 3252 Petrum
583 3191 745 3253 sententia
768 3189 932 3252 decretum
958 3188 997 3252 de
1022 3188 1163 3253 collectis

116 3288 272 3355 faciendis
287 3291 406 3374 placuit
426 3289 576 3354 omnibus
598 3294 722 3374 praeter
743 3293 965 3366 Tuamensem,
982 3292 1036 3373 qui
1056 3298 1165 3374 postu·

114 3393 195 3456 lavit
210 3399 248 3456 ut
261 3399 424 3457 momenta
438 3414 456 3456 a
470 3414 505 3457 se
520 3393 616 3457 allata
630 3395 665 3457 in
679 3394 804 3458 tabulas
819 3395 968 3456 referrent
985 3394 1162 3457 Secretcrii.

161 3495 241 3558 Post
255 3496 332 3559 haec
344 3494 466 3579 adjecto
477 3495 517 3558 ad
531 3496 629 3559 finem
639 3497 837 3561 decretorum
848 3493 887 3557 de
900 3495 1017 3558 scholis
1029 3496 1163 3560 articulo
1264 3516 1268 3523 ·

115 3598 156 3661 de
181 3596 295 3661 Schola
316 3596 461 3662 Normali
485 3598 650 3662 Catholica
674 3620 772 3682 prope
795 3598 974 3662 Dublinum
1001 3597 1160 3678 erigenda,

115 3700 224 3782 Caput
243 3699 281 3763 dc
302 3701 498 3763 Mooculibuc
520 3702 695 3783 perlectum
717 3709 767 3766 cst
789 3723 808 3765 6
831 3682 1007 3763 8661616116
1026 3700 1121 3782 etque
1144 3721 1163 3763 a

115 3801 266 3865 Patribus
279 3802 459 3884 probatum.
503 3804 591 3867 Huic
614 3805 770 3868 schemati
791 3822 895 3866 nexus
918 3807 985 3863 6161
1008 3802 1162 3866 articulus

112 3905 172 3988 qui
207 3905 299 3987 plura
336 3905 518 3970 continebat
558 3909 720 3990 proposita
761 3907 843 3969 circa
880 3904 1162 3988 Congregationem

114 4008 268 4072 Sororum
283 4028 363 4091 quae
378 4008 473 4092 vulgo
487 4008 525 4073 dc
545 4010 769 4074 Misericordia
783 4014 1017 4091 nuncupantur,
1034 4013 1067 4071 61
1080 4007 1162 4071 61166
