2572 4410
614 298 675 362 191

115 469 183 532 lam
198 488 343 553 unquam
362 469 480 533 habere
500 475 637 553 possunt
652 471 774 553 justam
797 492 926 536 causam
940 474 1096 552 mutandi,
1113 481 1170 541 aut

114 571 304 634 indubium
326 572 424 635 fidem
439 573 585 635 eamdem
607 574 786 636 revocandi.
831 572 919 653 Quae
933 596 1006 638 cum
1021 577 1068 639 ita
1091 579 1169 653 siut,

114 673 236 755 gratim
252 679 383 756 agentes
397 672 466 737 Deo
490 675 588 749 Patri,
606 676 662 757 qui
681 676 796 757 dignos
815 697 874 740 uos
892 675 966 740 lecit
988 679 1023 741 iu
1043 686 1170 760 partem

84 846 91 855 ‚
114 776 215 839 sortis
225 782 410 839 sauctorum
425 776 460 838 in
469 775 604 851 lumine,
614 778 742 841 tantam
753 798 794 842 ne
805 779 1008 860 negligamus
1021 777 1169 858 salutem,

116 878 177 943 sed
186 879 378 961 aspicientes
392 879 426 940 in
437 884 598 941 auctorem
612 879 687 943 fidei
696 883 728 946 ct
743 883 1169 960 consummatoremdesum,

116 987 289 1044 teneamus
304 980 374 1062 spei
388 987 514 1044 nostrae
529 981 763 1046 confessionem
777 983 1046 1048 indeclinabilem.

533 1263 676 1331 CAPUT
700 1266 759 1332 IV.

454 1426 498 1469 DE
521 1425 599 1469 FIDE
621 1426 664 1470 ΕΤ
687 1424 838 1471 RATIONE.

163 1559 236 1624 Hoc
260 1578 386 1644 quoque
409 1566 583 1643 perpetuus
608 1555 772 1624 Ecclesiae
797 1558 972 1623 catholicae
993 1577 1173 1624 consensus

118 1664 228 1727 tenuit
252 1669 284 1725 et
306 1666 408 1738 tenet,
436 1661 596 1744 duplicem
619 1683 690 1725 esse
717 1662 862 1726 ordinem
887 1662 1091 1744 cognitionis,
1108 1680 1173 1727 non

119 1761 226 1831 solum
240 1766 407 1848 principio,
424 1762 481 1828 scd
503 1763 626 1847 objecto
653 1762 750 1828 etiam
777 1765 989 1828 distinctum:
1013 1765 1172 1848 principio
1264 1833 1266 1836 ,

117 1867 260 1953 quidem,
273 1868 348 1951 quia
362 1868 396 1929 iu
412 1866 511 1930 altero
526 1854 666 1930 naturali
681 1867 815 1942 ratione,
831 1867 866 1929 in
876 1867 979 1930 altero⁴
991 1866 1053 1929 fide
1065 1867 1174 1930 divina

117 1971 364 2054 cognoscimus3
381 1968 501 2053 objecto
517 1976 634 2045 autem,
646 1970 720 2052 quia
735 1976 860 2052 practer
874 1991 921 2044 ea,
933 1970 973 2032 ad
987 1988 1068 2051 quae
1080 1974 1174 2032 natu-

117 2072 197 2137 ralis
219 2073 303 2137 ratio
318 2072 500 2155 pertingere
525 2072 644 2154 potest,
661 2071 818 2134 credenda
840 2073 935 2136 nobis
949 2076 1173 2154 proponuntur

117 2176 275 2258 mysteria
290 2175 324 2237 in
346 2172 414 2237 Deo
436 2172 631 2250 abscondita,
648 2193 740 2256 quae,
756 2174 822 2236 nisi
844 2174 983 2237 revelata
1006 2173 1172 2248 divinitus,

117 2279 319 2340 innotescere
335 2296 401 2339 non
415 2281 564 2358 possunt.
619 2273 773 2355 Quocirca
787 2276 973 2358 Apostolus,
990 2276 1046 2358 qui
1061 2296 1079 2337 a
1094 2290 1174 2358 gen·

116 2378 204 2442 tibus
220 2379 326 2441 Deum
341 2398 458 2460 perca,
475 2398 554 2460 quae
569 2378 651 2440 facte
666 2384 753 2454 suut,
767 2379 932 2461 cognitum
941 2398 1011 2441 esse
1022 2383 1170 2456 testatur,

117 2480 279 2544 disserens
302 2487 410 2543 tamen
434 2478 474 2542 de
504 2481 607 2561 gretia
637 2487 669 2543 ct
693 2482 838 2556 veritate,
865 2502 945 2564 quae
970 2499 1027 2562 per
1055 2480 1171 2543 desum

116 2580 287 2647 Christum
301 2584 384 2645 facta
398 2581 470 2657 est,¹
486 2584 679 2665 pronuntiat
693 2607 700 2646 ε
714 2577 893 2666 Loq'uimur
900 2583 964 2645 Dei
975 2583 1172 2664 Sapientiam

116 2687 152 2748 in
181 2675 349 2767 mysterio,
375 2704 456 2768 quae
494 2684 680 2749 abscondita
704 2693 764 2762 cst,
799 2707 896 2770 quam
921 2683 1172 2768 praedestinavit

115 2787 207 2852 Deus
223 2795 299 2852 ante
316 2789 444 2852 saecula
460 2789 495 2849 in
511 2786 649 2869 gloriam
665 2795 823 2864 nostrum,
841 2809 936 2872 quam
947 2807 1042 2850 nemo
1053 2788 1170 2869 princi·

115 2912 195 2973 pum
206 2888 307 2973 hujus
317 2890 434 2953 saeculi
446 2891 613 2972 cognovit:
628 2890 721 2954 nobis
736 2897 844 2953 autem
855 2889 1007 2954 revelavit
1017 2881 1106 2953 Deus
1114 2909 1172 2972 per

117 2993 275 3075 Spiritum
286 3011 401 3079 suum:
421 2990 562 3074 Spiritus
578 2994 664 3055 euim
680 2993 790 3056 omnic
800 2998 971 3067 scrutatur,
985 2993 1085 3054 etiem
1098 3011 1170 3075 pro-

116 3095 218 3158 funda
240 3090 329 3158 Dei!
372 3092 419 3157 Et
441 3096 511 3176 ipse
545 3093 742 3176 Unigenitus
771 3095 943 3157 confitetur
968 3092 1068 3168 Patri,
1093 3094 1168 3175 quia

116 3195 283 3261 abscondit
298 3195 377 3259 haec
397 3218 415 3259 a
440 3196 647 3280 sapientibus,
665 3203 698 3260 et
722 3195 945 3279 prudentibus
962 3202 995 3259 et
1018 3195 1167 3259 revelarit

114 3321 150 3362 ea
163 3295 334 3382 parvulis.³

155 3403 203 3465 Ao
218 3402 300 3464 ratio
310 3401 452 3484 quidem,
462 3401 524 3464 fide
540 3401 711 3477 illustrata,
730 3422 803 3465 cum
816 3399 938 3475 sedulo,
954 3401 1005 3483 pie
1017 3405 1053 3487 et·
1061 3398 1164 3464 sobrie

112 3505 247 3588 quaerit,
273 3504 425 3586 aliquam,
442 3503 511 3567 Deo
534 3502 645 3580 dante,
672 3505 898 3585 mysteriorum
915 3503 1164 3584 intelligentiam

113 3627 245 3691 eamque
265 3606 557 3669 fructuosissimam
578 3608 769 3689 assequitur,
785 3613 858 3669 tum
876 3626 915 3668 ex
935 3624 1059 3680 eorum,
1081 3626 1162 3688 quae

113 3710 299 3775 naturaliter
314 3709 485 3790 cognoscit,
498 3708 654 3790 analogia,
668 3717 737 3772 tum
747 3728 764 3772 e
775 3709 1002 3790 mysteriorum
1016 3708 1160 3791 ipsorum

222 3874 230 3910 ¹
243 3871 346 3922 Jecur.
361 3870 400 3919 17.
498 3869 509 3902 ²
521 3870 536 3919 1
548 3871 604 3922 Cor.
615 3871 642 3920 ii.
655 3871 722 3922 7-10.
829 3869 945 3920 ³Matth.
958 3871 994 3921 xi.
1005 3873 1046 3921 at.
