2572 4410
655 308 719 374 112

198 485 273 549 202.
296 482 346 548 Ne
367 475 443 548 rero'
462 482 695 561 contentiones,
727 481 801 546 lites
823 486 881 546 aut
912 481 976 546 nha
997 480 1147 544 scandala
1170 503 1210 546 ex

156 587 372 673 imprudentia
387 585 523 669 alicujus
539 583 711 649 sacerdotis
733 583 887 662 oriantur,
904 583 1049 647 districtc
1062 583 1213 667 prohibe·

157 711 242 768 mus,
280 687 417 773 nequis
462 685 620 771 parochus
657 692 713 751 ant
761 686 845 750 alius
882 685 1028 750 sacerdos
1072 685 1214 770 aliquem

156 792 564 880 praesumat·nominatim
594 790 753 855 declarare
782 792 1104 868 excommunicatum,
1146 791 1215 855 nisi

155 901 246 984 prius
282 899 446 962 licentiam
482 896 670 980 hujusmodi
713 896 938 960 declarationis
975 893 1139 960 faciendae
1176 897 1214 960 in

156 1002 284 1085 seriptis
300 1000 340 1065 ab
354 1000 514 1085 Episcopo
528 999 687 1064 habuerit.

199 1108 274 1170 203.
297 1106 452 1169 Vetamus
467 1104 564 1167 etiam
580 1124 622 1167 ne
645 1104 718 1187 quis
741 1102 890 1168 sacerdos
906 1103 1092 1167 inconsulto
1113 1101 1215 1186 Epis·

155 1233 232 1295 copo
270 1229 459 1294 quacunque
496 1209 535 1272 de
578 1228 675 1272 causa
726 1209 868 1285 nomine,
907 1213 963 1271 aut
991 1207 1218 1288 designatione

154 1315 282 1400 propria
297 1334 377 1398 qnae
392 1313 426 1377 in
442 1313 528 1377 idem
537 1312 668 1389 incidat,
681 1313 716 1375 in
726 1312 865 1396 aliquem
879 1332 920 1375 ex
935 1311 1027 1374 altari
1038 1311 1215 1376 invehatur

157 1426 213 1484 aut
227 1417 352 1500 publice
368 1418 508 1502 aliquem
523 1417 706 1481 denunciet.

200 1519 275 1582 204.
299 1519 478 1584 Hortamur
501 1518 656 1603 parochos
671 1520 705 1582 in
731 1518 872 1584 Domino
887 1518 1056 1602 praecipua
1071 1519 1214 1600 quadam

154 1622 334 1686 rationein
373 1622 407 1686 id
443 1643 570 1705 operam
600 1621 795 1704 impendere,
833 1626 871 1684 ut
899 1621 992 1704 pueri
1024 1626 1057 1683 et
1085 1621 1214 1704 puellae

34 1754 36 1759 ¹
153 1725 367 1790 instituantur
381 1727 417 1791 in
432 1727 623 1790 rudimentis
635 1722 710 1789 fidei
725 1726 927 1789 Christianae
943 1731 974 1788 et
988 1726 1078 1790 omni
1091 1722 1214 1790 virtute

154 1827 347 1894 imbuantur.
398 1831 494 1894 Omni
509 1831 577 1894 zelo
593 1830 743 1893 studeant
765 1836 909 1913 pastores
922 1836 960 1894 ut
984 1851 1096 1894 omnes
1118 1832 1214 1915 pueri

154 1937 188 1994 et
202 1932 327 2016 puellae
349 1953 453 2016 usque
476 1931 517 1995 ad
538 1932 778 2017 quindecimum
800 1953 933 2009 annum,
958 1933 1087 1996 etiamsi
1116 1939 1215 1997 antea

154 2035 354 2118 susceperint
392 2040 590 2099 sacramenta
613 2034 874 2099 Confirmationis
911 2041 943 2097 et
972 2034 1211 2114 Eucharistiae,

154 2139 305 2202 ecclesiae
346 2160 422 2203 suae
470 2140 622 2204 intersint
666 2138 707 2202 ad
743 2139 936 2202 audiendam
977 2140 1212 2223 expositionem

154 2240 316 2304 doctrinae
332 2242 543 2305 Christianae.

196 2345 268 2408 205.
285 2344 418 2408 Parochi
429 2346 479 2408 vel
490 2345 686 2429 coadjutores
698 2345 830 2409 visitent
841 2345 978 2428 singulis
987 2345 1209 2428 hebdomadis,

152 2448 359 2529 inquantum
385 2448 454 2510 fieri
474 2455 589 2532 potest,
607 2448 732 2512 scholas
749 2449 937 2532 approbatas
963 2456 1019 2513 000
1045 2451 1209 2530 toleratas,

154 2551 283 2633 quaein
301 2551 368 2613 suis
390 2553 544 2635 paroeciis
567 2553 719 2629 existunt,
737 2558 910 2636 curentque
932 2560 970 2617 00
992 2555 1210 2639 ludimagistri

152 2652 273 2717 bonum
290 2654 471 2735 exemplum
486 2654 580 2718 verbo
596 2661 629 2718 et
644 2676 736 2738 opere
750 2658 858 2738 pueris
874 2657 1055 2721 exhibeant.

197 2755 272 2817 206.
297 2755 436 2818 Caveant
459 2777 499 2818 ne
528 2757 602 2820 libri
624 2757 708 2820 male
738 2759 861 2822 olentes
884 2765 940 2822 000
969 2781 1034 2823 000
1061 2755 1209 2844 legitime

153 2856 318 2940 approbati
331 2858 366 2919 in
383 2857 507 2921 scholas
521 2859 765 2923 introducantur
782 2883 790 2923 :
815 2866 846 2922 et
862 2862 890 2923 si
906 2862 962 2945 qui
982 2862 1096 2927 dubiae
1112 2870 1209 2929 notae

154 2959 231 3034 sint,
249 2959 287 3021 de
301 2959 342 3022 iis
357 2961 520 3042 proprium
535 2962 732 3046 Episcopum
749 2964 929 3027 consulant.

197 3064 273 3129 207.
298 3063 463 3126 Conantur
485 3065 636 3129 omnibus
666 3065 786 3130 viribus
816 3068 971 3151 impedire
1001 3090 1048 3141 00,
1072 3071 1107 3134 in
1138 3074 1209 3137 suis

151 3165 306 3248 paroeciis
331 3166 494 3247 erigantur
509 3167 634 3231 scholae
658 3189 738 3251 quae
754 3169 794 3232 ad
808 3167 906 3232 fidem
920 3191 1093 3252 puerorum
1119 3173 1206 3238 labe·

151 3266 413 3329 iactandam'sint
440 3268 638 3344 destinatae;
663 3275 696 3332 et
712 3271 740 3333 si
765 3270 890 3333 scholae
906 3273 1066 3354 ejusmodi
1081 3282 1206 3340 erectae

152 3369 281 3445 fuerint,
299 3369 339 3431 ab
364 3369 405 3432 iis
420 3365 662 3452 frequentandis
688 3392 805 3454 pueros
821 3372 1003 3438 Catholicos
1029 3376 1207 3458 prudenter

155 3469 210 3531 sed
227 3471 392 3534 efficaciter
407 3471 582 3535 retrahant.

195 3571 270 3634 208.
290 3573 324 3634 Si
340 3573 466 3636 scholae
482 3575 579 3635 etiarn
595 3574 762 3657 aliquando
774 3578 938 3660 erigantur
950 3580 984 3641 in
1000 3581 1117 3663 quibus
1128 3585 1207 3667 jura

151 3673 279 3753 parochi
296 3695 359 3736 non
382 3675 604 3751 admittantur,
622 3678 733 3739 autad
757 3699 835 3760 quas
848 3681 1023 3743 visitandas
1046 3681 1114 3763 ipse
1138 3702 1205 3746 non

150 3774 348 3864 admittatur,
365 3785 471 3841 caveat
486 3785 524 3841 ut
539 3800 592 3842 eas
608 3782 698 3862 pueri
714 3782 872 3846 Catholici
887 3806 952 3847 non
967 3787 1181 3869 frequentent.

193 3880 267 3943 209.
292 3882 383 3958 Quod
399 3884 426 3946 si
437 3884 593 3977 parochus
609 3886 839 3950 animadvertat
854 3889 888 3950 in
903 3889 1044 3973 aliquam
1060 3890 1206 3956 scholam
