2572 4410
625 344 668 416 14

166 535 220 599 30.
243 532 284 596 In
306 529 520 597 oblationibus
543 551 623 614 quae
644 552 684 595 ex
705 532 804 596 veteri
825 537 858 596 11
880 539 1006 616 recepto
1020 553 1083 598 usu
1098 535 1172 600 fieri

121 634 226 702 solent
254 634 417 698 occasione
445 633 729 698 administrationis
751 633 960 718 quorumdam
985 634 1171 702 Sacramen-

121 745 238 816 torum,
259 743 390 803 caveant
403 737 536 802 Parochi
550 758 591 801 ne
606 737 726 820 aliquid
740 738 796 801 fiat
813 737 897 823 quod
920 740 1089 806 simoniam
1112 747 1171 807 aut

121 845 284 910 auaritiam
306 842 418 926 sapiat.
465 841 668 906 Sacramenta
689 863 761 906 vero
784 863 948 926 nunquam
970 843 1171 928 denegentur

121 968 158 1011 eo
181 946 241 1011 sub
267 950 431 1030 praetextu
455 943 540 1028 quod
569 944 744 1018 oblationes
769 946 850 1008 istae
873 966 938 1008 non
961 946 1167 1028 tribuantur;
1198 993 1200 997 ,

120 1050 262 1134 alioquin
288 1048 433 1112 noverint
455 1048 675 1132 delinquentes
699 1069 732 1112 se
755 1047 795 1112 ad
817 1049 985 1114 arbitrium
1007 1052 1169 1119 Ordinarii

119 1174 190 1219 esse
203 1151 393 1238 puniendos.

617 1795 673 1856 XI.

520 1980 564 2024 DE
586 1979 755 2024 BAPTISMO.

160 2127 213 2190 31.
239 2127 369 2192 Sacrum
378 2129 555 2212 Baptisma,
570 2128 770 2192 Christianae
781 2127 958 2209 Religionis
973 2132 1006 2190 11
1020 2131 1171 2191 aeternae

117 2229 199 2291 vitae
224 2231 335 2312 janua,
362 2231 446 2314 quod
470 2232 554 2295 inter
579 2231 641 2294 alia
664 2230 773 2295 Novae
798 2230 896 2312 Legis
924 2233 1121 2293 sacramenta
1150 2250 1170 2293 a

117 2330 246 2395 Christo
284 2333 434 2398 instituta
477 2334 601 2397 ratione
643 2328 846 2397 necessitatis
891 2331 1031 2414 primum
1076 2336 1170 2394 tenet

115 2433 232 2511 locum,
281 2438 405 2500 cunctis
449 2437 490 2500 ad
521 2429 673 2502 'salutem
720 2436 935 2500 necessarium
981 2456 1052 2500 esse
1095 2438 1169 2520 ipsa

116 2535 243 2602 Veritas
265 2543 403 2601 testatur
435 2540 500 2603 illis
531 2541 656 2605 uerbis:
693 2540 800 2605 “Nisi
823 2541 895 2624 quis
917 2546 1047 2604 renatus
1070 2542 1168 2607 fuerit

117 2640 141 2671 “
153 2660 193 2703 ex
229 2662 310 2724 aqua
345 2648 379 2705 et
417 2643 538 2726 Spiritu
570 2643 685 2708 Sancto
718 2664 782 2707 non
819 2651 926 2727 potest
962 2645 1095 2710 introire
1131 2646 1167 2708 in
1201 2660 1209 2681 '

119 2743 287 2828 “regnum
316 2745 411 2810 Dei.‘'
471 2747 555 2812 (lum
580 2749 650 2832 ejus
675 2749 813 2831 receptio
839 2749 946 2832 itaque
970 2749 1013 2811 sit
1038 2770 1166 2813 summe
1206 2794 1209 2799 -

115 2851 293 2913 necessaria
336 2850 605 2919 clementissimus
642 2853 800 2917 Dominus
836 2874 964 2916 omnem
1000 2852 1166 2917 hominem

114 2955 248 3020 rationis
278 2964 467 3042 compotem,
497 2960 567 3044 ejus
589 2957 775 3022 ministrum
797 2956 1081 3022 extraordinarium
1111 2958 1165 3022 de·

114 3059 250 3140 putavit.
297 3061 399 3138 Quam
421 3063 559 3126 maxima
580 3059 747 3144 diligentia
768 3057 839 3127 idco
861 3064 990 3123 tenetur
1007 3059 1165 3142 parochus

112 3162 286 3244 providere,
327 3186 369 3230 111
412 3164 489 3231 haec
522 3165 702 3230 misericors
745 3163 807 3228 Dei
845 3163 1009 3228 institutio
1042 3164 1165 3228 malitia

113 3247 169 3327 aut
198 3265 320 3331 incuria
347 3266 489 3332 hominis
518 3289 576 3334 suo
604 3267 744 3350 privetur
772 3265 897 3330 effectu.
942 3264 988 3330 Et
1013 3267 1165 3350 quoniam

112 3367 222 3451 plures
245 3377 321 3435 sunt
349 3393 442 3437 casus
467 3372 583 3457 quibus
605 3372 735 3437 nonnisi
755 3372 791 3435 in
813 3377 953 3437 extrema
975 3373 1165 3439 necessitate

115 3468 240 3536 deceret
266 3472 450 3538 Sacerdotes
474 3494 602 3557 operam
626 3492 718 3537 suam
738 3471 932 3557 impendere,
950 3474 1060 3557 quales
1088 3477 1166 3539 suut

113 3584 225 3660 partus
247 3581 450 3663 praematuri,
477 3580 706 3665 parturitiones
731 3578 886 3657 difficiles,
913 3585 946 3643 et
977 3579 1166 3676 abortusin

114 3683 204 3745 omni
221 3684 349 3766 periodo
365 3686 565 3768 gestationis,
582 3686 616 3747 in
633 3684 748 3766 quibus
763 3684 975 3748 nihilominus
997 3685 1167 3773 Baptisma

116 3784 251 3851 conferri
266 3789 368 3865 debet,
385 3789 571 3873 gravissime
583 3794 755 3853 onerantur
765 3789 976 3852 conscientiae
986 3809 1096 3853 corum
1109 3789 1167 3873 qui

113 3907 223 3952 curam
238 3892 416 3957 animarum
439 3899 564 3977 gerunt,
587 3894 743 3958 instruere
766 3898 798 3957 et
819 3893 988 3957 admonere
1010 3892 1165 3973 medicos,
