2572 4410
611 303 675 365 215

113 481 263 560 pastores
297 475 336 538 ad
370 473 637 538 conscientiarum
674 493 818 535 normam
853 493 911 557 pro
944 495 1003 539 suo
1040 495 1172 540 munere

114 579 229 653 edunt,
255 578 451 662 quinetiam
473 581 579 659 potest
607 576 646 638 de
683 574 864 638 divinorum
901 586 1171 643 sacramentorum

114 680 393 743 administratione
407 684 439 742 81
454 677 719 761 dispositionibus
741 677 780 740 ad
795 699 832 740 ea
847 679 1050 764 suscipienda
1064 702 1170 747 neces·

114 783 212 846 sariis
227 781 404 845 decernere.

88 869 91 875 .
159 884 265 948 Alloc.
288 884 331 947 Iu
348 882 581 957 Conciatorioli,
601 883 618 944 1
635 880 824 947 Novembris
841 884 937 948 1850.

159 984 263 1050 Alloc.
287 986 436 1049 Mocimc
450 984 585 1066 quidam,
603 987 623 1050 9
639 982 730 1048 Junii
746 985 842 1047 1862.

159 1087 215 1151 45.
240 1077 358 1151 Totum
385 1087 566 1151 scholarum
588 1086 788 1169 publicarum
813 1088 968 1170 regimen,
994 1088 1170 1172 inquibus

110 1187 267 1272 juventus
282 1187 474 1253 christianae
496 1189 632 1272 alicujus
647 1187 852 1272 Reipublicae
875 1190 1069 1267 instituitur,
1086 1193 1169 1275 epis·

115 1291 282 1375 copalibus
319 1291 485 1355 dumtaxat
515 1291 694 1355 seminariis
724 1291 831 1373 aliqua
859 1292 984 1356 ratione
1014 1294 1165 1377 exceptis,

115 1395 225 1477 potest
251 1415 286 1456 ao
309 1393 403 1456 debet
427 1391 558 1457 attribui
587 1394 768 1456 auctoritati
794 1393 889 1469 civili,
913 1399 946 1457 et
968 1395 1014 1459 ita
1040 1396 1168 1478 quidem

115 1495 260 1571 attribui,
277 1502 315 1558 ut
328 1495 456 1559 nullum
476 1496 532 1558 alii
550 1496 738 1578 cuicumque
762 1495 945 1558 auctoritati
966 1517 1169 1580 recognosca-

115 1604 171 1662 tur
181 1596 238 1679 jus
253 1598 456 1662 immiscendi
476 1617 510 1661 se
524 1597 559 1659 in
573 1597 741 1679 disciplina
756 1595 948 1674 scholarum,
965 1600 999 1661 in
1014 1597 1170 1681 regimine

116 1687 308 1776 studiorum,
324 1701 359 1763 in
374 1701 533 1782 graduum
548 1699 729 1775 collatione,
750 1700 785 1762 in
806 1699 930 1764 delectu
945 1706 1002 1764 aut
1016 1700 1168 1786 approba·

116 1803 207 1866 tione
222 1805 461 1887 magistrorum.

162 1905 265 1968 Alloc.
288 1906 332 1968 Io
349 1904 583 1979 Coactatoriali,
602 1906 619 1966 1
636 1903 824 1968 Novembris
841 1905 933 1968 1850.

161 2007 264 2071 Alloc.
290 2007 411 2085 Quibus
426 2007 678 2081 tortuosissimis,
696 2009 715 2070 5
734 2004 931 2090 Septembris
948 2009 1043 2072 1851.

162 2107 217 2174 46.
241 2111 346 2173 Immo
361 2111 397 2173 in
412 2110 493 2193 ipsis
513 2108 699 2172 clericorum
715 2110 895 2173 seminariis
913 2109 1086 2174 methodus
1102 2116 1169 2175 stu·

117 2212 247 2276 diorum
263 2211 444 2276 adhibenda
458 2212 543 2274 civili
559 2212 742 2275 auctoritati
758 2212 937 2295 subjicitur.

163 2314 267 2378 Alloc.
289 2316 471 2396 Numquam
477 2313 561 2395 fora,
581 2315 621 2377 15
637 2312 824 2377 Decembris
841 2315 937 2378 1856.

162 2418 217 2485 47.
241 2417 389 2481 Postulat
403 2417 525 2499 optima
539 2415 641 2479 civilis
658 2417 818 2480 societatis
833 2417 924 2493 ratio,
946 2418 984 2480 ut
1003 2416 1171 2500 populares

120 2518 258 2595 scholae,
284 2541 363 2603 quae
387 2521 498 2602 patent
522 2517 672 2582 omnibus
698 2520 853 2603 cujusque
876 2541 893 2582 e
916 2519 1035 2602 populo
1059 2519 1171 2583 classis

118 2623 239 2704 pueris,
256 2643 291 2685 ac
306 2621 434 2704 publica
448 2621 622 2684 universim
645 2620 810 2696 Instituta,
828 2643 908 2704 quae
922 2620 1040 2685 litteris
1058 2621 1171 2685 severi-

121 2724 294 2807 oribusque
324 2723 503 2806 disciplinis
534 2723 699 2786 tradendis
729 2725 762 2786 et
785 2724 965 2786 educationi
988 2722 1172 2805 juventutis

121 2827 277 2890 curandae
307 2828 384 2890 sunt
413 2826 583 2901 destinata,
615 2827 797 2887 eximantur
827 2824 866 2888 ab
893 2826 981 2888 omni
1009 2826 1172 2889 Ecclesiae

120 2929 318 3004 auctoritate,
335 2927 540 2991 moderatrice
555 2929 587 2990 vi
603 2932 635 2990 et
648 2928 837 3008 ingerentia,
854 2928 1011 3011 plenoque
1021 2929 1121 2991 civilis
1137 2948 1172 2990 ac

119 3032 266 3115 politicae
282 3031 481 3094 auctoritatis
497 3029 627 3093 arbitrio
653 3028 864 3111 subjiciantur
884 3030 924 3093 ad
943 3031 1172 3113 imperantium

118 3133 238 3217 placita
252 3135 284 3196 et
300 3131 340 3195 ad
355 3134 574 3196 communium
589 3132 701 3194 aetatis
713 3132 903 3213 opinionum
919 3132 1084 3195 amussim.

164 3236 273 3318 Epist.
287 3236 326 3299 ad
335 3234 485 3318 Archiep.
497 3234 647 3315 Friburg.
657 3234 760 3311 Quom
768 3255 831 3296 11811
843 3235 922 3308 aine,
932 3232 972 3294 14
982 3233 1004 3298 J
1005 3232 1064 3296 ulii
1075 3232 1170 3296 1864.
1221 3313 1224 3318 ¹

164 3339 216 3401 48.
240 3336 417 3403 Catholicis
431 3338 509 3400 viris
528 3336 654 3420 probari
668 3338 777 3419 potest
798 3358 835 3399 88
845 3336 1027 3419 juventutis
1042 3335 1173 3398 institu-

120 3440 221 3504 endae
235 3441 327 3515 ratio,
344 3460 424 3522 quae
440 3441 483 3503 sit
498 3461 516 3501 a
531 3436 686 3502 catholica
701 3439 762 3502 fide
778 3445 810 3501 et
824 3438 863 3500 ab
883 3437 1045 3500 Ecclesiae
1067 3439 1173 3519 potes·

120 3544 187 3606 tate
203 3540 358 3624 sejuncta,
376 3562 517 3628 quaeque
540 3562 647 3603 rerum
674 3541 841 3604 dumtaxat
861 3526 1057 3602 naturalium
1074 3539 1172 3602 scien·-

119 3646 200 3709 tiam
216 3666 252 3708 ac
266 3651 409 3707 terrenae
424 3643 551 3707 socialis
566 3643 649 3707 vitae
664 3644 746 3707 fines
756 3641 980 3706 tantummodo
995 3639 1044 3703 vel
1060 3640 1174 3705 saltem

122 3745 274 3832 primario
291 3748 422 3829 spectet.

165 3848 275 3934 Epist.
287 3848 327 3912 ad
336 3847 486 3933 Arohiep.
496 3847 646 3931 Friburg,
656 3848 759 3926 Quam
769 3869 833 3911 1188
844 3847 922 3924 stoc,
936 3847 976 3910 14
986 3844 1007 3909 J
1008 3845 1068 3909 ulii
1079 3845 1173 3908 1864.
