2572 4410
579 447 646 514 283

127 622 181 686 12.
204 618 259 686 An
272 619 392 686 habeat
407 619 605 706 Capitulum,
621 627 656 686 et
669 642 709 687 ex
720 628 801 710 quot
812 621 986 692 (toronicis
1001 630 1138 695 constet.

25 765 29 771 -
128 726 181 790 13.
205 723 258 788 An
274 721 387 789 adsint
401 721 621 802 Praebendae‚
637 730 782 807 atquae.

127 827 182 890 14.
206 826 311 904 Quale
327 827 495 893 servitium
510 827 680 910 praestent
696 825 857 895 (11101111
873 829 1082 911 cathedrali3
1105 839 1139 899 et

80 947 129 1021 an
142 931 246 994 etiam
261 931 440 1012 fungantur
454 948 590 994 munere
603 927 741 996 Paroohi
754 933 790 996 in
804 933 884 998 locis
898 931 1078 1002 Dioecesia.

127 1033 181 1097 15.
205 1033 259 1096 An
273 1031 439 1096 resideant
453 1033 541 1097 intra
555 1033 637 1097 fines
652 1032 839 1101 Parochiae.

127 1135 181 1199 16.
204 1134 258 1199 An
274 1154 309 1200 se
323 1135 530 1199 immisceant
551 1136 586 1199 in
608 1137 765 1220 regimine
786 1135 963 1217 Ecclesiae,
980 1145 1014 1204 91
1035 1136 1136 1226 impe·

80 1233 173 1301 diant
188 1234 329 1302 liberam
339 1234 602 1322 jurisdictionem
617 1236 781 1323 Episcopi.

126 1337 180 1407 17.
203 1340 257 1404 An
268 1340 385 1404 habeat
396 1337 621 1416 Seminarium,
629 1343 661 1406 91
673 1343 749 1407 ubi:
766 1349 847 1424 quot
858 1343 880 1407 J
881 1365 999 1410 uvenes
1013 1342 1136 1411 ibidem

81 1440 223 1518 alantur,
240 1449 274 1506 et
289 1443 405 1526 quibus
421 1444 538 1508 studiis
553 1449 679 1508 vacent.

126 1546 180 1608 18.
196 1545 284 1610 Num
291 1543 430 1610 concilii
436 1543 663 1626 Tridregulae
673 1543 943 1613 circaileminaria
953 1558 1134 1617 serventur.

125 1648 176 1712 19.
199 1646 253 1711 An
276 1646 323 1712 ibi
346 1648 455 1712 adsint
480 1646 630 1726 Parochi,
646 1649 696 1713 vel
718 1649 949 1716 tantummodo
973 1650 1137 1737 simplices

81 1747 299 1815 Missionarii.
1168 1824 1173 1845 ⁸

124 1853 180 1918 20.
202 1852 256 1917 An
271 1852 409 1917 Parochi
425 1854 491 1917 sint
505 1854 662 1936 perpetui,
676 1854 727 1918 vel
742 1854 784 1917 ad
800 1855 917 1919 nutum
932 1857 1133 1936 amoribiles,

78 1960 114 2020 et
129 1975 171 2018 an
186 1956 324 2021 Missam
339 1956 500 2020 celebrent
514 1953 608 2021 festis
623 1952 737 2020 diebus
758 1975 816 2040 pro
830 1957 961 2041 populo.

125 2059 180 2121 21.
204 2057 257 2122 An
274 2058 438 2142 eligantur
453 2060 495 2123 ab
509 2060 683 2142 Episcopo.

86 2227 91 2234 ,
124 2162 179 2224 22.
204 2163 290 2239 Quot
320 2159 388 2227 sint
417 2159 615 2227 Parochiae:
649 2181 691 2224 an
717 2159 751 2226 in
779 2161 827 2226 eis
857 2166 1000 2226 servetur
1026 2147 1135 2229 Sacro·

80 2270 197 2332 sancta
211 2259 437 2345 Eucharistia,
454 2265 486 2328 et
502 2283 576 2327 oum
592 2283 657 2348 qua
672 2263 829 2329 decentia.

124 2367 179 2430 23·
200 2365 409 2432 Anhabeant
423 2367 506 2431 fines
520 2367 636 2443 certos,
651 2367 682 2430 et
697 2363 861 2450 propriam
872 2365 1076 2432 Ecclesiam:
1101 2369 1135 2433 et

79 2475 162 2551 quot
178 2469 329 2552 Capellae
343 2467 549 2534 inveniantur
562 2471 597 2531 in
618 2466 768 2532 districtu
792 2469 1049 2554 uniuscujusque
1071 2471 1134 2535 Pa·

78 2567 222 2636 roohiae.

124 2673 180 2736 24.
203 2673 256 2736 An
272 2674 396 2756 aliquae
411 2673 590 2739 Parochiae
613 2674 682 2738 1111
702 2670 847 2737 addictae
871 2671 1049 2741 Ordinibus
1071 2673 1134 2740 Re·

80 2775 260 2860 gularibus,
277 2777 458 2860 atquibus.

124 2879 179 2942 25.
203 2878 255 2943 An
280 2879 414 2944 Paroohi
438 2878 578 2943 habeant
605 2875 803 2955 Sacerdotes,
820 2879 875 2964 qui
905 2901 959 2945 eos
984 2881 1135 2966 adjuvent

77 2982 115 3045 in
130 2999 208 3046 cura
224 2983 418 3047 animarum.

130 3085 184 3148 26.
207 3085 419 3168 Exprimatur
439 3103 605 3161 numerus,
622 3089 655 3146 et
677 3083 816 3165 qualitas
839 3085 1077 3150 eathonoornm
1099 3088 1135 3149 in

74 3187 220 3270 *singulis
236 3186 417 3270 quibusque
431 3186 510 3250 locis
525 3186 721 3268 degentium.

125 3291 178 3358 27.
195 3289 247 3353 An
257 3288 323 3354 sint
332 3295 364 3354 et
373 3310 435 3374 quo
446 3309 580 3352 numero
591 3287 718 3353 scholae
728 3285 910 3367 catholicae,
919 3295 951 3353 et
960 3290 1036 3373 quot
1046 3290 1080 3353 in
1092 3288 1134 3354 iis

76 3392 302 3456 instituantur.

124 3496 178 3558 28.
202 3494 255 3558 An
270 3495 355 3560 adsit
369 3494 523 3560 Doctrina
538 3492 722 3559 Christiana
732 3494 766 3556 in
781 3493 1073 3576 linguauernaoula
1082 3516 1134 3559 ex-

80 3597 218 3680 purgata
233 3597 272 3660 ab
288 3599 377 3661 omni
391 3620 506 3676 errore,
523 3603 555 3661 et
570 3602 731 3679 quatenus
746 3597 902 3678 negative.

125 3701 179 3765 29.
204 3699 256 3763 An
271 3700 338 3764 sint
353 3706 386 3763 et
400 3697 1134 3784 (1191111910191011910111101100111119111111

84 3800 234 3865 catholici
249 3808 281 3865 et
295 3821 358 3886 quo
373 3822 508 3867 numero
522 3801 598 3866 illas
614 3801 743 3865 adeant.

125 3905 179 3967 30.
204 3905 416 3988 Exprimatur
429 3925 583 3970 numerus
608 3901 817 3972 sacerdotum
840 3902 1077 3986 indigenarum,
1102 3911 1134 3967 et

78 4007 274 4074 exterorum.
