2572 4410
689 320 732 385 22

185 494 353 580 epistolam
368 498 489 558 eertum
505 497 538 556 et
553 492 711 557 sincerum
722 492 944 557 testim0nium
952 499 1078 558 nostrae
1090 515 1164 578 erga
1172 513 1228 559 vos

184 597 325 662 caritatis
339 596 473 659 invicem
487 591 719 678 praeberemus.
765 593 837 659 Non
852 596 1033 660 omittimus
1045 603 1156 660 autem
1169 597 1230 661 hae

184 701 349 765 occasione
354 697 454 765 Vobis
465 699 588 763 animos
600 699 723 776 addere,
737 706 773 762 ut
783 699 870 762 omni
879 698 948 763 nelo
957 699 1124 783 vigilantes
1135 721 1231 781 super

184 800 319 866 ereditas
345 799 444 867 Vobis
468 799 654 864 Dominioae
677 801 786 864 vineae
808 807 915 884 partes
934 800 1096 885 plantetis,
1117 803 1230 885 rigetis

183 906 218 968 in
241 925 296 987 spe
316 925 351 967 aa
372 903 535 986 patientia,
559 903 755 968 abundantes
776 904 810 967 in
826 925 917 986 opere
941 902 1072 967 Domini
1092 924 1229 987 semper,

185 1008 321 1071 seientes
341 1003 425 1089 quod
450 1005 539 1070 labor
560 1013 664 1070 vester
678 1027 742 1070 non
764 1012 814 1069 est
835 1007 939 1071 inanis
961 1006 995 1068 in
1021 1004 1169 1082 Domino,
1194 1029 1230 1071 ae

184 1110 290 1173 omnia
305 1108 346 1172 ad
360 1106 443 1191 Ejus
469 1108 605 1189 gloriam
619 1109 789 1172 referentes
804 1109 860 1191 qui
874 1114 1021 1191 operatur
1034 1109 1068 1171 in
1083 1107 1182 1173 Vobis
1198 1114 1231 1173 et

183 1211 264 1276 velle
285 1216 318 1274 et
332 1210 480 1303 perficere
494 1231 551 1292 pro
566 1211 649 1274 bona
663 1210 835 1286 voluntate,
849 1212 966 1294 quique
978 1217 1139 1293 sperantes
1150 1212 1185 1274 in
1195 1233 1230 1275 so

184 1313 333 1377 conlundi
352 1334 416 1376 non
438 1313 588 1395 patietur.
633 1313 685 1377 Ad
705 1313 774 1376 Nos
797 1313 881 1396 quod
907 1313 1022 1376 attinet
1040 1334 1230 1396 persuasum

182 1415 330 1479 habetote
345 1415 569 1478 auctoritatem
585 1421 617 1477 et
633 1415 741 1479 studia
756 1421 866 1478 nostra
880 1436 1055 1499 nunquam,
1073 1422 1229 1499 quantum

57 1547 59 1551 ·
183 1538 256 1580 oum
287 1516 424 1581 Domino
448 1517 634 1598 poterimus,
656 1537 726 1582 esse
751 1516 850 1583 Vobis
876 1517 1034 1582 defutura.
1088 1517 1256 1615 Domum·

59 1708 61 1712 Ι
183 1619 292 1694 Vobis,
324 1618 448 1682 Dileote
493 1618 558 1681 Fili
590 1618 715 1695 Noster,
754 1626 787 1684 et
823 1619 902 1686 Ven.
937 1621 1074 1696 Fratres,
1113 1641 1246 1684 novam·

184 1742 309 1804 semper
319 1722 470 1784 virtutem
482 1740 522 1784 111
533 1722 597 1785 alto
608 1722 827 1804 implorantes,
846 1729 882 1786 ut
892 1728 1014 1786 tantam
1025 1723 1230 1805 asperitatem

181 1830 361 1906 temporum
381 1823 515 1887 feliciter
533 1825 656 1889 vinoere
681 1826 825 1907 possitis,
854 1826 971 1909 pignus
993 1831 1119 1889 nostrae
1138 1845 1230 1907 prae-

181 1927 293 2008 eipuae
324 1926 558 1991 benevolentiae
595 1926 811 2010 Apostolieam
849 1929 1116 2004 Benedictionem,
1154 1949 1231 1990 oum

182 2028 311 2093 creditis
322 2029 421 2092 etium
435 2026 510 2093 fidei
519 2036 640 2094 vestrae
655 2030 765 2094 ovibus
781 2031 1089 2107 communicandam,
1106 2051 1231 2114 peram-

183 2138 272 2194 anter
281 2137 313 2194 et
328 2153 367 2195 ex
380 2132 472 2196 eorde
486 2132 698 2216 impertimus.

225 2242 345 2307 Datum
366 2242 485 2308 Romae
502 2245 589 2327 apud
606 2245 638 2308 S.
652 2244 783 2309 Petrum
799 2243 908 2307 (11122
931 2245 1076 2308 Januarii
1087 2243 1127 2307 A.
1142 2246 1233 2314 1876

183 2343 392 2410 Pontificatus
408 2343 517 2410 Nostri
531 2346 625 2411 Anno
642 2347 824 2413 Trioesimo.

886 2531 1010 2615 ‚rius
1033 2531 1099 2598 Pr.
1122 2532 1181 2597 111.

225 2701 352 2767 Dilecto
361 2701 446 2768 Filio
454 2704 572 2769 Nostro
583 2706 693 2770 Prono
704 2707 756 2770 tit.
768 2703 801 2773 S.
814 2706 901 2771 Petri
916 2709 950 2771 in
962 2707 1063 2770 Iunio.
1082 2703 1116 2772 S.
1128 2705 1169 2769 R.
1182 2707 1228 2772 E.

129 2855 133 2866 ,
184 2804 371 2888 Presbytero
393 2807 572 2872 Grannum
595 2809 739 2886 Ounnnu,
755 2809 1001 2893 Archiepiseopo
1022 2808 1230 2888 Dublinensi,

182 2908 765 3074 13111111.21111111111111111111111111
792 2920 826 2978 et
852 2911 1021 2997 Episcopis
1036 2911 1228 2992 Hiberniae,

214 3031 236 3073 u
271 3032 372 3077 mum.
