2572 4410
631 299 673 365 83

162 481 218 550 76.
240 480 418 546 Hortamur
442 480 674 584 Parochosut,
691 488 846 567 quantum
872 485 942 551 fieri
967 495 1084 573 potest,
1100 516 1173 561 con·

115 585 276 650 fossiones
291 585 325 648 in
340 585 419 669 ipsis
434 585 576 652 ecclesiis
602 586 783 666 audiantur,
800 592 833 651 ot
859 590 975 655 nullibi
1001 597 1174 666 audiantur

116 688 185 752 nisi
206 689 243 751 in
271 686 350 752 locis
372 687 558 752 decentibus
587 693 619 752 et
636 689 747 773 januis
768 692 976 773 patentibus:
1000 698 1173 767 mulierum

117 809 203 866 vero,
219 794 344 872 praeter
364 808 474 851 casum
489 788 700 868 necessitatis,
717 789 848 852 nonnisi
863 791 897 855 in
912 791 1068 874 Ecclesia,
1086 804 1118 862 ct
1133 801 1174 864 ad

120 891 231 958 sedem
246 891 517 956 confessionalem.

161 999 215 1064 77.
240 995 342 1079 Cujus
367 994 485 1059 decreti
509 994 745 1061 Thurlcsiensis
767 998 868 1062 manti
892 998 1106 1081 inhaerentes,
1138 1012 1175 1071 ut

117 1099 224 1165 uerbis
248 1105 378 1164 utamur
403 1099 436 1164 S.
453 1100 718 1184 Congregationis
742 1101 781 1165 de
807 1102 902 1187 Prop.
918 1104 1010 1183 Fide,
1034 1118 1174 1176 vetamus

116 1222 156 1266 aa
170 1202 210 1265 im
224 1201 304 1265 vicia
318 1209 349 1264 ct
362 1201 488 1282 oppidis
501 1201 556 1264 ubi
570 1201 688 1267 meum
703 1201 858 1279 ecclcsiae,
876 1211 906 1266 et
926 1203 961 1268 io
985 1207 1060 1274 locis
1075 1213 1173 1275 maol-

117 1302 174 1367 bua
186 1321 269 1383 quoe
279 1321 379 1382 prope
402 1300 523 1364 distem
538 1300 577 1364 ob
592 1300 740 1380 ecclesiis,
753 1301 904 1365 stationes
911 1323 973 1383 pro
984 1308 1174 1389 confession.

114 1409 189 1473 tous
220 1407 390 1477 cadonato
424 1416 491 1471 tom
509 1408 650 1472 oimmm
671 1430 766 1491 quom
786 1409 954 1473 mulierum
976 1410 1011 1472 c'o
1033 1411 1173 1476 domibus

108 1513 256 1596 privatis
278 1513 379 1594 fluat,
409 1512 466 1576 aad
486 1512 637 1576 stationes
666 1513 701 1576 io
733 1514 806 1595 ipso
836 1514 963 1578 ecclesio
997 1523 1172 1581 teneamur.

114 1613 186 1678 Ubi
207 1633 279 1676 vero
301 1613 498 1676 necessariae
528 1612 595 1676 sint
622 1614 786 1692 stationes,
818 1619 929 1679 curent
952 1615 1105 1701 Episcopi
1135 1624 1173 1681 ut

114 1717 227 1782 omnia
241 1717 301 1780 rite
316 1722 348 1780 et
363 1715 470 1780 debita
485 1737 559 1780 cum
575 1719 749 1782 reverentia
763 1725 967 1802 peragantur.

160 1821 217 1889 78.
242 1820 359 1884 Caveat
395 1819 491 1884 etiam
528 1820 674 1885 sacerdos
710 1842 752 1885 ne
784 1823 893 1886 statim
928 1828 1003 1907 post
1038 1825 1171 1889 missam

114 1924 271 1992 nasonis
292 1929 452 2008 peractam
481 1923 591 1992 fideles
629 1923 669 1988 ad
702 1924 873 1989 saecularia
902 1929 1091 1992 transeant:
1117 1927 1173 1991 scd

113 2029 188 2111 ipse
203 2047 260 2111 pro
276 2027 323 2091 eis
349 2027 473 2109 aliquas
487 2046 596 2109 preces
617 2047 675 2110 per
689 2026 820 2091 modum
840 2028 1013 2111 gratiarum
1039 2027 1171 2089 actionis

116 2131 184 2194 alta
198 2150 273 2194 voce
290 2130 412 2193 recitet.

163 2236 183 2300 7
186 2236 218 2299 9.
243 2232 332 2298 Stola
346 2232 484 2297 violacea
504 2236 536 2296 et
552 2232 650 2296 vestis
672 2231 782 2296 talaris
798 2229 1008 2294 adhibeantur
1030 2250 1048 2292 a
1071 2250 1170 2292 sacer-

116 2335 250 2400 dotibus
287 2356 362 2399 cum
399 2335 615 2399 confessiones
643 2335 678 2397 in
716 2332 855 2398 ecclesiis
893 2337 949 2395 aut
979 2332 1171 2395 stationibus

116 2441 296 2525 excipiunt.

164 2541 214 2622 80.
241 2538 425 2603 Sacerdotes
441 2537 482 2601 ad
497 2537 713 2601 confessiones
729 2535 942 2619 excipiendas,-
959 2536 997 2599 ab
1012 2535 1170 2600 ordinario

115 2645 152 2707 in
168 2643 309 2727 qualibet
324 2641 461 2705 dioecesi
484 2641 658 2724 approbati,
675 2647 707 2704 et
721 2639 975 2723 jurisdictionem
997 2641 1169 2714 consecuti,

114 2748 254 2827 possunt
267 2741 370 2806 valide
397 2746 428 2804 et
443 2740 529 2804 licito
553 2738 712 2823 quoslibet
727 2739 926 2822 poenitentes
943 2738 983 2802 ad
999 2758 1033 2803 se
1043 2739 1078 2800 in
1093 2738 1170 2800 locis

111 2847 348 2932 jurisdictionis
372 2866 448 2911 suae
471 2845 669 2907 confluentes
686 2842 855 2919 absolvere,
879 2843 943 2907 sive
960 2844 1025 2906 sint
1039 2864 1079 2906 ex
1100 2863 1168 2916 sua,
1219 2924 1220 2927 Ἴ

117 2952 184 3016 sive
208 2952 274 3014 sint
303 2971 343 3014 ex
372 2949 475 3013 aliena
504 2948 642 3012 dioecesi
672 2954 728 3011 aut
749 2946 904 3029 paroecia,
934 2946 1105 3010 dummodo
1135 2946 1169 3008 in

116 3049 261 3113 fraudem
276 3048 357 3132 legis
373 3069 430 3112 seu
444 3048 668 3112 reservationis
683 3068 747 3110 non
763 3046 941 3109 adveniant.

159 3153 213 3216 81.
228 3152 321 3215 Idem
337 3150 506 3215 dicendum
522 3157 571 3214 est
600 3151 638 3215 de
654 3148 907 3214 confessionibus
931 3149 1074 3214 fidelium
1089 3170 1169 3233 quae

117 3253 158 3317 ad
187 3258 391 3337 praeceptum
423 3250 522 3316 semel
551 3252 586 3314 in
620 3272 704 3314 anno
734 3248 906 3336 confitendi
931 3250 1169 3334 adimplendum

116 3353 209 3418 liunt.

158 3457 211 3521 82.
234 3455 394 3519 Volumus
408 3458 445 3518 ut
467 3454 575 3517 omnia
596 3475 676 3536 quae
691 3474 710 3517 a
724 3453 879 3518 Romanis
890 3452 1111 3529 Pontificibus,
1137 3460 1169 3517 et
1244 3517 1249 3522 ,

113 3559 302 3643 praesertim
325 3578 344 3620 a
365 3556 538 3620 Benedicto
567 3555 668 3634 XIV,
691 3556 727 3619 in
756 3556 862 3620 Bullis
895 3576 974 3638 quae
996 3555 1166 3637 incipiunt,

114 3665 137 3694 “
148 3665 389 3728 Sacramentum
402 3661 653 3738 Poamteotc‘ac,”
669 3667 702 3724 ct
721 3660 928 3741 “Apostolioc'
942 3660 1112 3724 Momem'e”
1129 3658 1168 3722 de

114 3766 329 3832 solicitatione
344 3770 421 3829 sunt
435 3765 640 3848 praescripta,
658 3770 802 3828 accurate
818 3762 1037 3828 observentur.

157 3871 208 3934 83.
233 3867 357 3933 carent
400 3866 553 3950 Episcopi
590 3871 627 3931 ut
663 3865 792 3949 parochi
840 3885 1011 3950 corumque
1051 3865 1169 3931 Vicarii
