2572 4410
661 366 729 434 ato

169 537 271 618 nario,
294 545 453 626 quantum
476 539 546 605 fieri
566 545 674 625 potest
693 545 848 621 accurate,
875 560 943 606 non
970 539 1116 607 adhibito
1135 542 1211 626 jura·

170 651 292 724 mento,
308 644 376 724 sed,
393 645 502 710 sinon
525 651 662 710 renuant
683 642 758 729 ipsi,
782 642 1004 711 asserentibus
1026 645 1167 712 testibus
1185 663 1217 711 se

168 749 299 834 paratos
313 769 384 813 esse
398 748 441 812 ad
459 745 687 814 testimonium
709 769 805 814 suum
823 750 1010 834 juramento
1032 750 1218 815 confirman-

170 850 261 930 dum,
278 851 307 915 si
320 850 442 915 occasio
457 848 594 915 daretur.

219 957 276 1020 11⁰
297 951 583 1022 consentientibus
594 953 734 1019 testibus
746 961 779 1018 et
788 954 946 1039 dirigente
960 951 1137 1040 prudentia
1150 975 1221 1021 con·

170 1057 249 1141 oilli,
265 1064 428 1144 repetatur
441 1054 667 1121 testimonium
690 1075 796 1120 coram
811 1061 931 1121 rectore
952 1057 1158 1143 missionario
1173 1056 1227 1142 qui

173 1169 206 1230 et
220 1163 289 1246 ipse
303 1167 404 1226 testes
420 1165 498 1224 tuno
511 1156 687 1242 interroget
700 1179 758 1242 per
772 1158 964 1242 praesidem.

220 1263 275 1327 12ο
298 1260 455 1326 Similiter
469 1259 693 1324 examinentur
706 1263 808 1323 testes
822 1260 935 1325 contra
945 1280 1089 1326 oausam.

223 1367 280 1430 13⁰
302 1364 438 1430 (tollatis
453 1369 532 1427 tunc
547 1361 692 1427 consiliis
706 1362 763 1426 fiat
778 1363 816 1427 ut
832 1384 929 1449 supra
947 1363 980 1430 N
1015 1365 1050 1428 8ο

226 1468 282 1532 140
305 1466 397 1545 Quod
418 1467 446 1532 si
466 1467 568 1532 testes
589 1466 696 1530 nolint
710 1466 766 1530 aut
781 1472 943 1550 nequeant
962 1466 1110 1533 Concilio
1133 1467 1230 1532 assis·

179 1577 259 1648 tere,
283 1577 340 1634 aut
366 1589 478 1635 eorum
503 1570 728 1634 testimonium
751 1569 897 1633 nondum
923 1571 1003 1636 satis
1028 1569 1232 1636 luculentum

175 1673 346 1757 negotium
369 1673 493 1750 reddat,
516 1672 581 1736 duo
607 1671 722 1736 saltem
748 1693 787 1736 ex
815 1673 1007 1738 consiliariis
1036 1695 1056 1737 a
1086 1673 1233 1738 Concilio

180 1776 387 1860 deputentur,
404 1776 461 1861 qui
482 1777 583 1840 testes
605 1774 769 1856 adeuntes,
792 1775 864 1840 loca
884 1777 1075 1854 invisentes,
1091 1776 1155 1854 vel,
1173 1776 1245 1841 alio

176 1898 379 1966 quocumque
389 1878 485 1945 modo
499 1879 639 1963 possint,
651 1878 763 1943 lumen
779 1879 819 1943 ad
834 1879 931 1945 dubia
945 1879 1098 1945 solvenda
1112 1879 1238 1964 requir-

182 1988 286 2060 enteS,
302 1981 494 2048 relationem
515 2001 591 2047 suae
610 1982 880 2065 investigationis,
897 1983 937 2047 ad
952 1980 1136 2049 Concilium
1153 1983 1240 2047 defe-

187 2091 273 2165 rant,
289 2091 327 2150 ut
341 2087 388 2151 ita
409 2086 501 2150 nulla
515 2086 567 2150 via
577 2086 738 2151 intentata
748 2087 950 2172 relinquatur
960 2087 1121 2152 adrerum
1132 2106 1233 2153 mora·

183 2189 258 2253 liter
274 2195 360 2254 certo
375 2189 668 2275 cognoscendum?

183 2393 320 2458 Addita’o
322 2395 417 2476 foetu
427 2395 549 2461 decreto
557 2396 685 2461 XVIII
685 2443 694 2460 .
706 2396 803 2462 Coae.
814 2395 1157 2464 westmonasteriensis
1167 2394 1234 2460 ΠΙ.

232 2580 255 2610 “
269 2579 332 2656 Qui
342 2578 383 2643 ad
392 2581 609 2665 supradictam
621 2577 892 2646 Commissionem
901 2583 937 2645 in
948 2578 1080 2666 Synodo
1092 2582 1237 2647 Dioeoes-

187 2698 250 2745 ana
269 2684 427 2747 nominati
442 2685 563 2747 fuerint
578 2683 618 2746 ad
632 2685 812 2767 proximam
824 2683 991 2768 Synodum
1006 2685 1239 2749 Dioeoesanam

191 2781 333 2848 officium
357 2787 539 2866 retineant3
563 2787 691 2871 quando
716 2789 835 2852 iterum
858 2787 1093 2853 confirmentur
1115 2787 1170 2851 vel
1191 2783 1242 2850 alii

190 2887 411 2952 nominentur.
458 2889 494 2953 Si
515 2911 588 2956 vero
617 2891 750 2954 interim
782 2891 887 2956 morte
922 2889 974 2955 rel
1002 2890 1243 2955 renuntiatione

188 2989 327 3074 alicujus
356 3012 396 3055 ex
424 3014 558 3059 numero
587 2993 814 3078 deputatorum
845 2993 1040 3058 commissio
1069 2991 1246 3057 imminuta

193 3093 299 3171 fuerit,
322 3095 507 3179 Episcopus
526 3081 630 3161 ¹alium
653 3097 884 3175 consiliarium
905 3094 1097 3173 nominabit,
1122 3093 1246 3162 servata

194 3199 401 3281 proportione
423 3201 510 3264 inter
533 3199 720 3284 Capitulum
746 3201 780 3266 el
806 3197 948 3280 Clarum,
972 3221 1053 3285 quae
1078 3199 1115 3262 in
1140 3197 1246 3283 prima

193 3296 326 3384 Synodo
340 3302 534 3370 Provinciali
548 3303 771 3369 commendata
785 3304 881 3368 fuit.”
