2572 4410
598 255 662 322 277

114 427 289 494 serdotibns
302 450 360 511 pro
368 427 588 510 episcoporum
599 425 774 491 Hiberniae
790 428 954 506 electione,
973 430 1067 494 Sacra
1076 432 1158 496 (lon-

106 533 252 616 gragatio
268 530 423 596 servanda
445 530 658 612 praescripsit.
703 531 754 593 Ea
775 552 847 594 vero
862 533 1043 609 decernens,
1061 535 1160 616 signi·

103 635 196 698 ficari
211 634 361 699 omnibus
376 633 487 708 voluit,
501 632 535 694 in
552 632 750 697 documentis
766 634 804 697 de
820 634 880 697 hac
893 654 927 697 re
941 638 1160 716 pertractanti·

104 737 178 813 bus,
218 736 258 799 ad
290 734 441 801 Sanctam
473 734 587 797 Sedem
616 736 882 812 transmittendis,
913 736 996 799 nihil
1024 737 1160 801 inveniri

105 839 231 914 debere,
266 837 352 920 quod
388 838 584 912 electionem,
622 837 879 920 postulationem,
910 839 1161 903 nominationem

105 942 232 1016 innuat,
250 940 307 1004 sed
329 940 507 1022 simplicem
529 937 854 1002 commendationem:
878 948 1051 1004 memorata
1071 964 1160 1024 prae-

105 1050 193 1107 terea
216 1042 407 1106 documenta
436 1063 506 1105 esse
536 1041 647 1105 debere
672 1043 782 1126 jussit,
813 1042 848 1104 in
877 1043 978 1106 forma
1007 1045 1160 1127 supplicis

105 1145 208 1208 libelli
222 1145 269 1208 ita
283 1145 437 1226 concepti,
451 1151 488 1207 ut
502 1144 576 1206 inde
591 1151 698 1226 pateat
708 1144 874 1207 nullamin
888 1145 1036 1208 Sanctam
1047 1147 1160 1211 Sedem

106 1247 217 1310 inferri
232 1247 457 1329 obligationem
472 1246 610 1327 eligendi
624 1267 726 1309 unum
741 1268 780 1309 ex
795 1248 1036 1312 commendatis.

149 1349 331 1413 Declaravit
354 1349 491 1431 denique
522 1348 616 1411 Sacra
642 1348 863 1433 congregatio,
892 1350 1011 1413 salvam
1036 1372 1160 1436 semper

106 1459 202 1536 atque
217 1452 362 1516 illaesam
376 1472 504 1513 manere
519 1451 641 1526 debere,
659 1452 751 1516 Sedis
765 1451 965 1534 Apostolicae
980 1453 1161 1519 libertatem

105 1555 140 1618 in
171 1554 328 1637 eligendis
364 1553 545 1635 Episcopis,
576 1553 622 1615 ita
651 1560 689 1616 ut
718 1554 1018 1630 commendationes,
1050 1557 1159 1621 lumen

105 1663 244 1733 tantum,
275 1663 309 1720 at
338 1655 550 1737 cognitionem
578 1655 690 1718 Sacrae
715 1657 969 1739 congregationi,
995 1678 1160 1742 nunquam

104 1766 214 1824 tamen
229 1758 455 1840 obligationem
470 1758 537 1820 sint
551 1758 713 1820 allaturae.

148 1859 272 1924 Datum
286 1859 406 1923 Romae
420 1882 460 1923 ex
482 1859 624 1923 Aedibus
649 1861 710 1922 dic.
725 1857 795 1925 Sao.
821 1855 1085 1943 Congregationis
1109 1859 1160 1923 dic

106 1966 148 2032 17
165 1962 321 2039 Octobris,
340 1963 436 2027 1829.

150 2064 260 2132 Gratis
277 2066 346 2130 sine
361 2065 427 2128 ulla
442 2066 572 2129 omnino
588 2065 745 2129 solutione
761 2085 959 2149 quocumque
972 2065 1079 2129 titulo.

669 2219 712 2283 D.
729 2219 776 2283 M.
794 2221 896 2283 omo.
914 2220 1128 2295 Cmnnnmnr,

841 2323 1036 2404 Praefectus.

671 2457 708 2520 O.
721 2454 942 2533 Onsraaclun,
953 2455 1157 2520 Secretoaica.

479 2748 785 2758 ———-—

608 2976 657 3048 II.

160 3124 221 3190 DE
245 3124 476 3192 EPISGOPIS
499 3122 546 3189 IN
569 3124 792 3190 HIBERNIA
817 3121 1122 3192 subteminis..

106 3275 360 3342 Innusumssnm
374 3295 413 3340 nc
428 3276 719 3340 anunnnmssmn
734 3276 915 3340 Douma—

149 3412 275 3477 Initum
289 3433 309 3474 a
327 3412 421 3474 Sacra
444 3410 696 3494 Congregatione
719 3411 889 3475 consilium
903 3417 940 3474 nt
955 3416 1073 3473 certam
1094 3431 1159 3473 me·

105 3515 242 3579 thodum
270 3515 305 3578 in
334 3535 432 3596 regno
461 3512 635 3577 Hiberniae
659 3514 845 3579 servandam
874 3512 1056 3577 decerneret
1079 3513 1161 3576 circa

106 3618 284 3681 sacerdotes
302 3617 569 3680 commendandos
583 3615 786 3698 Apostolicae
810 3613 885 3680 Sedi
907 3617 1033 3699 quando
1055 3616 1161 3698 agitur

106 3718 146 3783 de
160 3719 381 3801 episcoporum
396 3719 549 3782 electione
568 3719 603 3781 in
625 3740 662 3781 eo
683 3723 789 3780 totum
803 3724 963 3781 versatum
978 3724 1028 3782 est
1043 3724 1080 3780 ut
1093 3737 1160 3780 me-

105 3828 228 3886 morata
241 3819 392 3885 methodo
415 3827 557 3884 accurate
573 3827 694 3885 seruata
708 3819 890 3903 Apostolioa
907 3820 1004 3885 Sedes
1019 3818 1160 3902 explora·
