2566 4416
571 365 633 427 185

82 538 188 602 noster
202 545 263 615 est,
281 557 301 602 a
317 535 480 601 mentibus
495 535 658 610 humanis,
675 537 773 599 avita
788 536 820 599 et
835 535 980 600 moribus
995 535 1126 620 populo·

74 649 154 706 rum
167 644 305 720 excluso,
322 661 427 705 merae
443 640 529 724 quod
543 646 659 703 vocant
674 636 810 703 rationis
825 638 875 703 vel
898 646 1030 703 naturae
1052 661 1123 724 reg·

73 753 160 810 num
188 745 385 811 stabiliatur.
430 741 554 807 Relicta
583 744 693 806 autem
722 744 923 825 projectaque
946 742 1124 809 christiana

67 851 244 935 religione,
255 852 372 932 negato
387 869 461 911 vero
473 848 542 909 Deo
555 852 587 909 et
597 847 728 910 Christo
739 848 819 929 ejus,
831 845 981 930 prolapsa
992 849 1123 912 tandem

68 959 131 1016 ea
140 953 317 1016 multorum
332 971 424 1014 mens
439 946 474 1011 in
490 948 699 1030 pantheismi,
716 945 950 1023 materialismi,
967 949 1124 1015 atheismi

63 1044 277 1131 barathrum,
295 1061 332 1117 ut
342 1056 410 1138 jam
425 1054 528 1135 ipsam
542 1049 738 1114 rationalem
753 1055 915 1124 naturam,
932 1070 1124 1134 omnemque

50 1151 156 1232 justi
175 1157 319 1238 rectique
341 1173 489 1217 normam
508 1159 675 1236 negantes,
699 1153 765 1214 ima
779 1152 940 1216 humanae
963 1156 1124 1220 societatis

60 1257 294 1322 fundamenta
310 1258 434 1320 diruere
450 1257 669 1320 connitentur.
788 1328 791 1336 ¹

120 1361 193 1424 Hac
207 1380 303 1443 porro
318 1360 486 1441 impietate
500 1356 744 1441 circumquaque
760 1361 938 1440 grassante,
954 1357 1124 1424 infeliciter

59 1461 224 1546 configit,
241 1468 280 1525 ut
294 1462 403 1544 plures
415 1462 542 1525 etiams
557 1459 731 1523 catholicae
743 1459 907 1523 Ecclesiae
930 1459 1007 1524 filiis
1030 1480 1050 1525 a
1072 1464 1125 1526 via

58 1579 166 1629 werae
196 1565 328 1648 pietatis
350 1565 542 1638 aberrarent,
574 1559 608 1625 in
637 1559 742 1644 iisque
765 1558 934 1627 diminutis
956 1562 1124 1646 paullatim

55 1668 278 1742 wentatibus,
296 1685 412 1730 sensus
428 1666 604 1728 catholicus
627 1670 862 1727 attenuaretur.
908 1663 1014 1729 Variis
1037 1668 1125 1731 enim

57 1787 113 1833 aa
126 1769 308 1853 peregrinis
323 1765 479 1831 doctrinis
494 1767 632 1842 abducti,
646 1774 798 1829 naturam
813 1772 847 1829 et
861 1768 1007 1849 gratiam,
1022 1770 1125 1831 scien-

52 1872 156 1935 tiam
171 1871 355 1934 humanam
371 1871 403 1934 et
419 1871 514 1933 fidem
530 1867 671 1933 divinam
688 1887 855 1951 perperam
865 1870 1127 1946 commiscentes,

54 1974 257 2056 genuinum
273 1991 405 2035 sensum
420 1973 621 2054 dogmatum,
634 1992 729 2054 quem
746 1976 837 2033 tenet
852 1991 886 2032 ac
902 1969 993 2032 docet
1006 1970 1125 2036 Sancta

52 2063 180 2138 111111
194 2074 352 2149 Ecclesia,
370 2074 549 2156 depravare,
560 2071 841 2156 integritatemque
852 2076 884 2133 et
900 2072 1122 2136 sinceritatem

52 2176 150 2242 fidei
165 2179 200 2240 in
215 2177 393 2260 periculum
409 2176 566 2241 adducere
579 2173 832 2258 comperiuntur.

118 2279 244 2360 Quibus
259 2280 409 2342 omnibus
423 2277 609 2362 perspectis,
623 2279 692 2341 fieri
707 2278 761 2360 qui
776 2276 895 2360 potest,
911 2277 949 2340 ut
965 2295 1125 2340 1101100111-

51 2384 266 2448 lnoveantur
293 2378 413 2443 intima
442 2378 605 2444 Ecclesiae
641 2378 790 2444 viscera?
852 2376 1127 2458 Quemadmodum

56 2487 163 2550 (anim
180 2486 269 2547 Deus
283 2483 354 2547 vult
368 2503 483 2547 omnes
497 2485 647 2547 homines
665 2482 767 2546 salvos
784 2481 865 2556 fieri,
882 2486 916 2543 et
931 2481 974 2544 ad
988 2479 1127 2564 agnitio-

58 2605 152 2653 111111
182 2587 325 2651 veritatis
346 2587 454 2649 venire
466 2609 474 2662 ;
499 2585 770 2669 quemadmodum
792 2580 943 2648 Christus
966 2585 1064 2659 venit,
1087 2591 1139 2648 ut·

61 2693 203 2756 salvum
218 2691 335 2752 faceret
350 2687 435 2772 quod
449 2689 599 2771 perierat,
617 2694 650 2752 et
669 2686 753 2751 filios
778 2685 850 2762 Dei,
868 2686 923 2769 qui
947 2692 1038 2749 erant
1062 2687 1127 2750 dis-

58 2795 172 2880 ]rersi,
189 2799 395 2876 congregaret
409 2794 443 2856 in
456 2814 576 2856 unum:
592 2794 639 2857 ita
654 2791 811 2866 Ecclesia,
825 2792 922 2854 aDeo
932 2792 1126 2874 populorum

59 2901 179 2960 mater
188 2899 220 2957 et
234 2892 391 2977 magistra
407 2891 593 2968 constituta,
608 2895 759 2957 omnibus
774 2894 962 2957 debitricem
977 2915 1011 2957 se
1026 2892 1127 2970 novit,

65 3020 109 3063 ac
125 2998 235 3080 lapsos
251 2997 383 3079 erigere,
399 2995 547 3060 labantes
567 2993 738 3071 sustinere,
755 2996 950 3060 revertentes
965 2996 1126 3079 amplecti,

62 3097 267 3160 confirmare
281 3094 382 3158 bonos
397 3100 430 3157 et
441 3093 483 3157 ad
498 3091 632 3157 meliora
646 3095 818 3177 provehere
827 3095 937 3178 parata
953 3115 1080 3179 semper
1094 3101 1127 3159 et

63 3199 203 3262 intenta
228 3203 290 3261 est.
336 3195 539 3279 Quapropter
568 3195 657 3260 nullo
681 3203 825 3280 tempore
851 3216 871 3261 a
897 3195 959 3260 Dei
982 3196 1125 3275 veritate,

69 3320 157 3384 quae
170 3306 269 3364 sanat
277 3303 397 3377 omnia,
410 3299 561 3364 testanda
573 3306 605 3363 et
614 3300 823 3383 praedicanda
836 3297 998 3384 quiescere
1007 3301 1124 3384 potest,

71 3402 141 3468 sibi
152 3402 275 3467 dictum
287 3423 358 3468 esse
373 3423 440 3467 non
454 3401 628 3486 ignorans:
645 3401 785 3487 Spiritus
795 3424 896 3477 meus,
911 3404 965 3484 qui
978 3409 1027 3466 est
1037 3405 1071 3467 in
1080 3409 1124 3478 te,

70 3513 109 3570 et
123 3506 219 3571 verba
238 3528 319 3583 mea,
337 3526 419 3590 quae
445 3507 539 3589 posui
554 3507 589 3569 in
610 3528 663 3569 011
678 3513 745 3583 tuo,
760 3527 826 3572 non
846 3506 995 3569 recedent
1010 3505 1050 3569 de
1071 3525 1125 3571 ore

72 3608 134 3672 tuo
149 3608 264 3673 amodo
280 3614 313 3672 11
327 3629 428 3691 usqne
443 3609 479 3671 in
495 3605 755 3690 sempiternum.l

121 3707 188 3773 Nos
202 3711 321 3793 itaque,
338 3710 541 3773 inhaerentes
554 3709 837 3775 Praedecessorum
853 3710 1041 3776 Nostrorum
1057 3733 1124 3777 ves·

80 3804 180 3892 tigiis,
196 3831 254 3895 pro
280 3828 428 3892 supremo
458 3815 569 3873 nostro
594 3809 777 3892 Apostolico
800 3831 934 3876 munere
959 3813 1127 3877 veritatem

531 3932 542 3966 ¹
553 3935 589 3984 Is.
600 3932 644 3983 lix.
656 3934 696 3983 al.

1018 4024 1041 4071 N
