2572 4410
597 338 660 403 218

99 515 282 583 tollendum
297 517 357 590 est,
381 511 479 577 etiarn
501 509 685 575 inconsulta
708 514 741 574 et
762 509 953 575 reclamante
974 509 1157 596 Apostolica

103 619 200 688 Sede.

148 720 251 784 Alloc.
267 716 527 791 scebbasam,
545 715 587 782 27
604 712 801 798 Septembris
816 716 910 779 1852

87 874 89 878 .
147 820 250 886 Alloc.
267 818 528 902 Naoqaomfore,
547 819 587 881 15
603 815 788 881 Decembris
805 818 900 882 1856.

147 925 202 988 32.
225 923 354 1006 Absque
376 921 444 985 ulla
463 920 618 983 naturalis
637 920 721 1002 juris
743 925 776 983 et
797 921 967 1004 aequitatis
986 922 1158 986 violatione

103 1033 211 1110 potest
233 1025 377 1107 abrogari
398 1023 575 1107 personalis
599 1023 798 1097 immunitas,
815 1044 878 1105 qua
892 1023 997 1086 clerici
1012 1023 1050 1086 ab
1065 1046 1158 1089 onere

104 1126 289 1193 subeundae
312 1124 564 1208 exercendaeque
587 1123 721 1186 militiae
746 1125 947 1202 eximuntur3
978 1124 1061 1190 hanc
1086 1149 1159 1191 vero

103 1230 342 1312 abrogationem
357 1228 499 1312 postulat
517 1227 620 1290 civilis
643 1245 840 1310 progressus,
857 1228 995 1290 maxime
1010 1228 1044 1291 in
1060 1229 1157 1293 socie·

102 1338 174 1396 tate
189 1331 229 1393 ad
244 1332 379 1395 formam
393 1329 551 1394 liberioris
565 1329 731 1410 regiminis
746 1331 929 1395 constituta.

147 1434 255 1517 Epist.
281 1431 896 1516 16111ρί11.11011111131161191111111
921 1435 1091 1515 Nobioqac,
1116 1434 1158 1499 29

105 1533 304 1619 Septembris
321 1535 417 1600 1864.
871 1542 875 1549 “

149 1640 203 1703 38.
227 1637 301 1701 Non
321 1638 460 1720 pertinet
479 1637 572 1703 unice
597 1636 636 1699 ad
659 1635 904 1703 ecclesiasticam
925 1639 1159 1721 jurisdictionis

102 1746 296 1823 potestatem
320 1739 446 1823 proprio
467 1759 503 1802 ac
524 1738 631 1804 nativo
650 1739 724 1822 jure
747 1739 882 1821 dirigere
907 1740 1159 1823 theologicarum

93 1831 212 1904 'rerum
232 1842 420 1914 doctrinam,

147 1940 257 2027 Epist.
274 1944 314 2009 ad
328 1942 478 2026 Aschiep.
494 1939 636 2024 Frising.
656 1942 744 2007 Tuae
760 1943 900 2019 libenter,
918 1944 958 2006 21
972 1942 1158 2009 Decembris
1249 1976 1252 1981 Δ

105 2046 204 2109 1868.

148 2148 202 2212 34.
225 2149 377 2212 Doctrina
391 2147 642 2230 comparantium
658 2145 839 2208 Romanum
854 2145 1043 2211 Pontificem
1066 2147 1157 2213 Prin·

105 2250 169 2333 cipi
179 2251 289 2327 libere,
307 2257 339 2314 et
353 2251 460 2333 agenti
475 2250 509 2312 in
525 2249 672 2313 universa
685 2247 841 2326 Ecclesia,
858 2248 1000 2313 doctrina
1014 2258 1064 2315 est
1078 2271 1159 2335 quae

105 2353 210 2416 medio
226 2372 301 2416 aevo
321 2352 507 2436 praevaluit.

148 2453 230 2518 Litt.
247 2453 360 2537 Apost.
377 2453 431 2517 Ad
445 2454 656 2535 Apoctob‘ecc,
673 2453 715 2516 22
731 2452 871 2536 Augusti
888 2454 984 2518 1851.

149 2559 203 2620 35.
227 2554 320 2620 Nihil
333 2562 429 2632 vetat,
444 2557 583 2639 'alicujus
599 2556 735 2621 Consilii
758 2555 914 2639 generalis
929 2558 1088 2621 sententia
1102 2565 1159 2622 aut

56 2692 60 2700 ·
105 2659 325 2722 universorum
347 2658 537 2742 populorum
561 2659 654 2736 facto,
683 2680 847 2722 summum
870 2657 1096 2723 Pontificatum
1119 2646 1158 2726 ab

104 2759 251 2824 Romano
266 2762 426 2844 Episcopo
442 2766 537 2844 atque
551 2761 631 2824 urbe
646 2761 686 2824 a‹l
704 2761 803 2824 alium
827 2758 1026 2845 Episcopum
1047 2762 1157 2828 aliam·
1199 2746 1200 2750 Ἰ

105 2884 169 2946 que
184 2864 345 2927 civitatem
360 2861 536 2926 transferri.

147 2963 228 3028 Lite.
244 2967 357 3048 Apost.
373 2964 651 3045 coapostatae,
668 2965 710 3028 22
725 2963 865 3048 Augusti
882 2965 977 3028 1851.

148 3067 202 3130 86.
226 3065 406 3131 Nationalis
425 3066 561 3133 Concilii
585 3068 729 3131 definitio
749 3066 872 3135 nullam
896 3066 992 3131 aliam
1016 3066 1159 3142 admittit

104 3169 364 3252 disputationem,
391 3169 556 3254 civilisque
576 3169 812 3235 administratio
835 3189 903 3232 rem
923 3168 963 3232 ad
983 3167 1080 3233 hosce
1094 3175 1157 3235 ter·

105 3272 212 3335 minos
228 3272 353 3352 exigere
367 3273 484 3355 potest.

148 3372 231 3437 Litt.
247 3372 361 3456 Apost.
377 3373 432 3436 Ad
445 3374 656 3455 Apoctob’ccc,
673 3375 715 3438 22
731 3371 871 3456 Augusti
887 3373 983 3437 1851.
1066 3448 1069 3454 ,

148 3479 202 3544 37.
226 3476 360 3540 [nstitui
382 3483 519 3560 possunt
533 3477 710 3541 nationales
731 3476 895 3539 Ecclesiae
912 3474 951 3538 ab
971 3477 1159 3549 auctoritate

104 3575 242 3640 Romani
258 3576 422 3642 Pontificis
439 3579 612 3643 subductae
627 3581 782 3664 planeque
797 3577 926 3641 divisae.
1213 3582 1216 3591 '

147 3679 248 3744 Alloc.
264 3680 383 3745 Malas
397 3682 615 3763 precibusque,
634 3685 675 3750 17
690 3678 875 3744 Decembris
892 3681 985 3747 1866.

146 3781 251 3849 Alloc.
267 3783 464 3849 Joadaecm
479 3785 645 3862 cernimur,
664 3785 704 3849 18
719 3781 829 3856 Martii
845 3782 940 3847 1861.
