2572 4410
493 316 497 324 ’
614 360 680 429 na

162 535 218 599 68.
241 526 388 597 Ecclesia
401 550 466 598 non
480 531 579 596 habet
599 537 791 616 potestatem
812 532 1043 618 impedImenta
1064 535 1175 599 matri-

116 637 266 701 monium
277 635 461 699 dirimentia
473 634 657 712 inducendi,
666 635 722 699 sed
736 654 774 699 ea
787 640 929 720 potestas
939 636 1025 700 civili
1039 637 1176 702 anctori-

116 740 179 802 tati
194 739 358 828 competit,
370 759 388 801 a
398 758 460 822 qua
475 736 705 821 impedimenta
718 739 888 801 existentia
902 739 1041 803 tollenda
1056 747 1143 804 sunt.

162 840 247 904 Litt.
264 843 376 924 Apost.
393 839 591 922 Multiplices
605 839 700 916 inter,
715 841 756 904 10
773 840 865 905 Iunii
881 842 978 904 1851.

163 943 218 1007 69.
242 940 389 1005 Ecclesia
400 942 600 1026 sequioribus
610 943 745 1006 saeculis
754 943 938 1005 dirimentis
946 941 1176 1026 impedimenta

114 1044 269 1107 inducere
284 1045 395 1127 coepit,
411 1065 475 1107 non
496 1045 571 1128 jure
585 1045 723 1128 proprio,
741 1044 796 1107 sed
811 1045 866 1109 illo
877 1038 950 1128 jure
965 1066 1033 1121 usa,
1051 1046 1135 1129 quod
1157 1069 1176 1111 a

116 1145 207 1209 civili
221 1147 381 1228 potestate
396 1152 543 1209 mutuata
557 1153 636 1210 erat.

161 1248 247 1310 Litt.
263 1248 376 1331 Apost.
392 1248 730 1329 conpescuerunt
746 1249 886 1329 Augusti
903 1251 999 1314 1851.

162 1351 217 1416 70.
243 1348 426 1415 Tridentini
445 1370 583 1414 canones
605 1351 662 1434 qui
684 1351 897 1414 anathematis
920 1373 1085 1415 censuram
1107 1353 1174 1416 illis

116 1452 265 1528 inferunt
280 1453 335 1535 qui
350 1453 535 1517 facultatem
550 1453 780 1536 impedimenta
803 1453 987 1517 dirimentia
1002 1456 1174 1519 inducendi

117 1553 283 1618 Ecclesiae
295 1575 410 1638 negare
426 1556 574 1631 audeant,
587 1554 636 1618 vel
651 1576 714 1618 non
730 1561 806 1618 sunt
821 1555 993 1638 dogmatici
1001 1557 1051 1621 vel
1062 1559 1102 1622 de
1112 1557 1173 1622 hac
1202 1625 1207 1640 ,

117 1657 269 1719 mutuata
282 1658 440 1739 potestate
455 1656 657 1739 intelligendi
672 1663 759 1720 sunt.

161 1743 448 1842 1111111111
469 1758 1010 1841 Apostolicoe,22Augusti1851.

161 1858 216 1925 71.
242 1857 429 1924 Tridentina
443 1861 546 1924 forma
561 1861 620 1924 sub
636 1861 833 1924 infirmitatis
848 1881 949 1943 poena
964 1883 1028 1925 non
1039 1861 1171 1944 obligat,

116 1961 175 2025 ubi
189 1963 243 2026 lex
258 1964 361 2027 civilis
384 1964 480 2027 aliam
495 1965 629 2028 formam
651 1965 852 2046 praestimat,
869 1969 902 2026 et
915 1964 993 2028 velit
1011 1963 1071 2028 hac
1093 1986 1173 2030 nova

116 2068 219 2130 forma
233 2068 466 2130 interveniente
481 2069 722 2131 matrimonium
737 2067 851 2130 valere.

159 2170 243 2232 Litt.
260 2168 372 2252 Apost.
388 2169 446 2233 Ad
460 2169 673 2251 Apostolicce,
692 2171 733 2233 22
749 2170 890 2253 Augusti
907 2170 1003 2235 1851.·

160 2269 214 2336 72.
238 2268 427 2333 Bonifacius
448 2269 544 2332 VIII.
568 2275 677 2332 votum
708 2270 867 2332 castitatis
895 2269 930 2331 in
962 2269 1171 2334 Ordinatione

114 2372 272 2435 emissum
288 2373 419 2454 nuptias
434 2372 539 2436 nullas
554 2373 687 2436 reddere
701 2373 827 2456 primus
838 2373 986 2437 asseruit.

159 2468 243 2534 Litt.
260 2466 374 2555 Apostss
395 2471 454 2534 Ad
473 2471 686 2553 Apostolicoe,
704 2471 747 2534 22
764 2471 904 2554 Augusti
919 2474 1016 2536 1851.

89 2599 95 2610 ’
160 2576 214 2643 78.
238 2573 280 2638 Vi
303 2574 484 2639 contractus
506 2592 591 2634 mere
614 2571 716 2634 civilis
737 2573 842 2655 potest
865 2573 949 2636 inter
969 2570 1170 2639 Christianos

114 2679 263 2742 constare
285 2677 352 2741 veri
376 2675 516 2740 nominis
542 2673 805 2751 matrimonium;
830 2672 1012 2759 falsumque
1037 2681 1096 2747 est,
1114 2681 1171 2739 ant

114 2783 314 2842 contractum
343 2773 541 2840 matrimonii
578 2774 662 2836 inter
699 2773 903 2837 Christianos
939 2792 1063 2857 semper
1100 2792 1170 2837 esse

116 2890 366 2952 sacramentum,
377 2875 433 2940 aut
448 2874 575 2938 nullum
590 2893 660 2936 esse
675 2878 883 2949 contractum,
895 2872 923 2935 si
935 2878 1169 2936 sacramentum

114 2979 313 3044 excludatur.

158 3081 242 3143 Litt.
259 3080 372 3163 Apost.
388 3077 444 3141 Ad
459 3074 673 3157 Apostolicoc,
691 3074 733 3137 22
749 3073 888 3156 Augusti
904 3072 1000 3141 1851.

158 3180 290 3245 Lettera
304 3182 338 3245 di
356 3182 427 3245 ss
452 3178 525 3242 PIO
547 3178 606 3241 IX.
624 3178 657 3241 al
671 3176 718 3240 Re
741 3178 774 3241 di
799 3178 969 3262 Sardegna,
986 3182 1006 3244 9
1024 3180 1166 3263 Septem-

115 3282 171 3348 bre
188 3285 285 3349 1852.

157 3387 260 3449 Α1111.
276 3385 536 3460 141111111111111,
554 3385 596 3450 27
615 3376 814 3466 Septembris
834 3383 926 3447 1852.

88 3492 93 3500 ’
157 3487 259 3551 Alloc.
276 3488 393 3551 Multis
414 3487 635 3568 precibusque,
654 3484 694 3553 17
718 3480 903 3549 Decembris
917 3486 1012 3550 1860.

157 3593 211 3659 74.
237 3592 360 3656 Causae
380 3590 631 3655 matrimoniales
646 3595 679 3652 et
696 3590 858 3673 sponsalia
873 3596 984 3672 suapte
999 3596 1114 3654 natura
1126 3592 1166 3654 ad

115 3693 218 3757 forum
233 3694 325 3757 civile
337 3695 511 3776 pertinent.
974 3767 977 3771 ,

156 3796 239 3858 Litt.
256 3795 368 3879 Apost.
385 3796 442 3858 Ad
456 3795 671 3878 Apostoliccc,
688 3793 730 3856 22
745 3793 886 3876 Augusti
903 3796 998 3859 1851.

156 3895 591 3971 Α1111.Α11111111111111,27
609 3892 805 3977 Septembris
823 3893 918 3956 1852.
