2572 4410
619 325 684 396 14⁷

114 487 293 578 (laiunotis,
306 499 461 564 recitetur
481 499 649 575 rosarium,
666 504 723 563 aut
736 498 811 563 libri
825 499 872 584 pii
886 499 1044 583 legantur,
1070 508 1109 566 ut
1133 524 1173 568 ex

121 603 338 673 recordatione
360 604 476 669 mortis
491 609 524 667 et
543 603 708 668 brevitatis
723 605 806 668 vitae
830 603 1000 682 humanae,
1018 607 1118 691 siqui
1133 609 1174 674 ad

120 706 460 790 uigiliasconcurrant,
472 705 723 770 aedificationem
733 707 920 790 percipiant.
951 707 1027 771 Piae
1042 709 1172 774 societa-

123 813 169 874 tes
182 829 241 892 pro
266 808 427 872 defunctis
449 828 566 892 magno
592 808 777 904 adjumento
800 809 836 872 in
862 808 916 872 his
941 809 1089 892 gerendis
1104 831 1174 876 esse

121 919 264 996 possunt.

162 1017 238 1082 359.
262 1015 441 1078 Hortamur
455 1012 578 1091 fideles,
595 1020 633 1078 ut
647 1015 796 1098 gravibus
810 1016 965 1099 impensis
980 1021 1013 1079 et
1027 1037 1126 1080 vanae
1140 1023 1174 1080 et

119 1117 208 1181 inani
216 1137 362 1200 pompae,
373 1116 537 1180 occasione
547 1116 708 1192 funerum,
716 1137 781 1180 non
790 1116 990 1200 indulgeant,
999 1117 1056 1180 sed
1065 1117 1173 1200 potius
1222 1150 1226 1157 ·

118 1220 391 1303 operacharitatis
404 1221 1174 1304 peragant,missascelebrandascurent,preces-
1272 1222 1274 1227 ’

117 1342 179 1406 que
190 1321 383 1400 fundendas,
396 1322 513 1406 quibus
529 1323 654 1385 animae
669 1322 891 1387 defunctorum
914 1323 1114 1406 adjuventur.

161 1426 238 1491 360.
251 1426 439 1490 Sacerdotes
449 1427 504 1511 qui
514 1426 614 1489 officio
624 1447 680 1508 pro
689 1426 849 1491 defunctis
857 1427 892 1490 in
903 1427 954 1490 die
964 1427 1173 1510 depositionis

115 1527 169 1592 rel
181 1529 350 1612 trigesima
371 1534 429 1591 aut
450 1528 665 1592 anniversaria
680 1527 731 1591 die
746 1528 910 1606 assistant,
931 1530 1073 1594 convivia
1088 1529 1173 1614 apud

114 1629 276 1694 familiam
291 1630 434 1694 defuncti
448 1650 514 1693 non
529 1629 695 1713 accipiant.

161 1734 238 1799 361.
263 1734 328 1798 Ubi
343 1718 377 1797 id
387 1734 579 1816 judicaverit
593 1732 775 1796 faciendum
789 1733 984 1817 Episcopus,
1008 1734 1173 1817 Capeliani

113 1838 292 1920 Asylorum
302 1860 359 1923 pro
374 1838 578 1922 pauperibus,
592 1837 795 1902 dementibus
806 1844 862 1901 aut
873 1839 956 1916 aliis,
969 1861 1079 1923 preces
1092 1861 1173 1923 quae

113 1942 378 2025 praescribuntur
402 1943 438 2005 in
452 1941 576 2005 Ritnali
598 1942 743 2006 Romano
763 1949 917 2025 peragant
938 1964 995 2026 pro
1016 1943 1175 2006 defunctis

114 2047 312 2131 pauperibus
322 2048 373 2111 vel
384 2048 418 2109 in
435 2046 549 2112 sacello
565 2047 647 2130 asyli
661 2046 711 2110 vel
728 2047 766 2109 ad
784 2047 987 2128 sepulchrum
1003 2053 1175 2130 antequam

115 2171 233 2234 corpus
248 2155 350 2212 terrae
369 2149 521 2212 tradatur.

161 2254 238 2317 362.
256 2253 441 2336 Optandum
453 2259 491 2316 ut
503 2253 690 2316 coemeteria
701 2252 769 2316 loco
780 2254 980 2316 convenienti
990 2274 1054 2316 non
1064 2254 1174 2336 procul

116 2355 156 2419 ab
171 2355 317 2418 Ecclesia
331 2356 366 2417 in
390 2355 527 2436 singulis
552 2355 706 2437 paroeciis
727 2359 919 2430 statuantur,
933 2361 1089 2437 quantum
1104 2355 1175 2418 fieri

116 2462 235 2541 potest,
245 2462 283 2540 ut
298 2477 427 2540 corpora
439 2456 662 2519 defunctorum
677 2455 851 2519 christiano
861 2456 956 2519 modo
967 2457 1171 2540 sepeliantur,

118 2564 248 2626 stritus
268 2562 455 2645 praescripti
478 2582 536 2644 pro
551 2561 695 2643 exequiis
711 2562 745 2623 in
765 2561 886 2624 Rituali
911 2562 1054 2624 Romano
1081 2561 1172 2624 facile

117 2666 278 2730 observari
298 2665 435 2746 possint.
493 2663 585 2740 Quod
616 2664 644 2726 si
674 2664 901 2727 coemeterium
922 2663 1087 2745 publicum
1118 2663 1172 2738 sit,

116 2768 224 2851 aliqua
239 2770 310 2851 ejus
325 2769 428 2850 portio
444 2766 681 2830 catholicorum
698 2767 879 2848 sepulturae
900 2768 1056 2849 assignari
1068 2767 1172 2830 debet.

161 2874 234 2936 363.
259 2873 457 2935 Ooemeteria
472 2871 627 2934 catholica
642 2892 722 2954 quae
739 2871 777 2934 ab
789 2871 949 2954 Episcopo
961 2870 1175 2934 consecrando

117 2965 207 3052 111111,Ι
219 2975 275 3037 aut
287 2974 401 3037 saltem
415 2995 433 3037 1
445 2972 608 3038 sacerdote
622 2992 678 3056 per
694 2991 769 3035 eum
785 2973 931 3055 delegato
946 2971 1172 3047 benedicenda,

114 3077 266 3160 religiose
282 3077 314 3140 et
329 3097 447 3158 magna
460 3097 536 3140 cura
558 3076 675 3140 servari
691 3075 818 3151 debent,
835 3096 909 3138 cum
931 3076 966 3137 in
989 3075 1031 3137 iis
1046 3093 1174 3155 corpora

114 3181 343 3244 defunctorum
365 3201 445 3264 quae
468 3179 588 3263 templa
619 3180 681 3243 Dei
703 3181 844 3256 fuerunt,
869 3180 1025 3262 sanguine
1052 3176 1174 3240 Christi

114 3284 290 3367 redempta,
320 3290 352 3348 et
381 3284 589 3349 sacramentis
621 3284 748 3367 saepius
777 3283 893 3346 refecta
917 3289 949 3347 et
976 3281 1171 3346 sanctificata

115 3387 319 3470 requiescant
346 3386 381 3449 in
409 3385 624 3470 expectatione
649 3385 890 3449 resurrectionis
916 3389 1116 3455 mortuorum
1138 3386 1171 3446 et

115 3489 181 3552 dici
196 3489 306 3552 ultimi
323 3488 449 3572 judicii.

161 3591 237 3654 364.
255 3590 498 3654 Oruxinmedio
508 3590 689 3654 coemeterii
700 3590 839 3672 erigatur
851 3594 883 3652 et
894 3586 1083 3651 adhortandi
1093 3593 1170 3650 sunt

114 3692 227 3756 fideles
243 3697 280 3755 ut
303 3697 378 3754 ante
407 3713 478 3756 eam
501 3697 557 3756 out
578 3692 664 3754 intra
689 3692 915 3754 coemeterium
946 3709 1039 3772 saepe
1061 3709 1170 3772 preces

115 3793 253 3859 fundant
267 3814 324 3876 pro
340 3792 511 3872 defunctis,
528 3799 560 3857 et
575 3793 614 3858 de
629 3793 768 3859 vanitate
783 3812 890 3857 rerum
907 3791 1122 3856 humanarum
1137 3795 1170 3855 et

117 3897 158 3964 de
173 3903 275 3963 morte
291 3896 496 3962 meditentur.
