2572 4410
615 310 679 378 127

116 481 200 546 chus
214 481 266 544 vel
281 480 363 544 alius
379 479 531 545 Sacerdos
553 481 751 567 Episcopum
773 489 902 547 moneat
923 484 980 567 qui
1002 483 1125 549 curabit
1139 489 1178 548 ut

117 587 191 668 piae
206 584 394 648 donationes
410 590 443 647 et
457 584 561 667 legata
576 585 630 668 pia
644 586 793 649 effectum
809 587 994 650 sortiantur.

162 686 239 753 274.
262 687 298 748 4⁰
312 685 361 749 Ne
377 683 418 748 ob
437 684 519 767 legis
531 685 688 749 defectum
698 685 782 749 bona
791 687 1004 750 ecclesiastica
1012 687 1047 749 in
1057 687 1177 750 alienas

119 810 234 853 manus
264 794 439 864 transeant,
457 809 549 851 curae
565 790 626 852 erit
648 789 808 873 Episcopo
830 795 868 853 ut
888 811 998 853 eorum
1017 790 1107 853 tituli
1121 794 1179 853 aut

120 893 336 956 instrumenta
361 898 504 972 accurate
527 893 621 974 juxta
645 891 749 975 legem
773 892 909 970 civilem,
936 898 969 955 et
991 893 1025 954 in
1048 893 1178 955 nomine

121 996 218 1058 trium
233 1000 291 1057 aut
305 1000 442 1076 quatuor
464 1000 646 1058 curatorum
669 996 889 1059 conficiantur.
935 995 983 1058 Hi
1004 1016 1076 1058 vero
1089 1013 1178 1057 cura·

121 1103 203 1162 tores
219 1098 286 1161 sint
300 1098 482 1180 Episcopus
497 1096 663 1174 dioecesis,
679 1099 838 1182 parochus
853 1121 909 1162 seu
923 1100 1007 1163 alius
1024 1096 1178 1163 Sacerdos

122 1203 169 1266 cui
183 1201 269 1265 bona
284 1201 456 1264 commissa
470 1202 599 1278 fuerint,
616 1202 763 1266 Vicarius
776 1203 943 1266 Generalis
960 1209 1016 1266 aut
1031 1202 1115 1265 alius
1129 1202 1178 1264 vir

121 1308 260 1390 prudens
274 1312 307 1369 et
332 1307 415 1370 vitae
437 1307 622 1389 integritate
645 1308 846 1390 conspicuus,
871 1308 960 1370 etin
990 1306 1179 1390 hujusmodi

120 1411 213 1473 rebus
228 1414 387 1473 versatus.
433 1408 481 1470 Hi
496 1415 656 1472 curatores
673 1409 772 1473 semel
786 1410 820 1473 in
840 1431 924 1472 anno
940 1410 1107 1472 convenire
1123 1408 1177 1472 de·

119 1513 194 1576 bent
209 1518 248 1575 ut
263 1511 428 1575 securitati
442 1510 600 1574 bonorum
614 1512 848 1594 praedictorum
863 1511 1026 1594 providere
1040 1511 1177 1593 possint.

117 1617 161 1679 Et
177 1617 207 1678 si
222 1616 296 1698 quis
311 1636 351 1677 ex
373 1635 484 1677 eorum
506 1635 640 1678 numero
663 1636 680 1678 e
702 1615 782 1678 viris
807 1614 1002 1690 discesserit,
1024 1614 1126 1677 alium
1140 1615 1176 1678 in

116 1720 187 1802 ejus
202 1717 309 1780 locum
326 1715 496 1798 subrogare
511 1721 694 1780 teneantur.

159 1821 238 1886 275.
261 1821 295 1882 5⁰
321 1816 370 1881 Ne
384 1818 512 1881 lites‘de
527 1818 621 1881 bonis
636 1838 716 1902 quae
729 1817 767 1881 ab
778 1817 951 1901 Episcopis
961 1815 1177 1899 etaparochis

115 1926 270 1984 tenentur
284 1925 358 2003 post
374 1941 484 1983 eorum
499 1921 635 1996 obitum,
652 1941 726 1983 cum
742 1920 889 1982 scandalo
904 1919 1059 1996 fidelium,
1074 1919 1178 1982 orian-
1221 1965 1224 1971 .

115 2032 180 2102 tur,
198 2025 412 2107 praecipimus
434 2029 472 2087 ut
495 2023 616 2107 singuli
637 2024 792 2106 Episcopi
808 2028 840 2085 et
864 2022 1049 2085 Sacerdotes
1065 2041 1178 2085 omnes

115 2127 274 2190 bonorum
302 2127 590 2190 ecclesiastieorum
619 2127 859 2209 possessionem
889 2132 943 2188 aut
974 2125 1178 2188 administra·

115 2232 238 2293 tionem
255 2230 495 2313 quomodolibet
510 2229 670 2292 habentes
687 2235 880 2292 testamenta
896 2249 954 2292 sua
964 2229 1025 2291 rite
1035 2229 1178 2292 confecta

116 2344 149 2399 et
173 2336 300 2418 signata
321 2339 464 2410 teneant,
488 2341 521 2396 et
551 2334 661 2397 eadem
691 2334 725 2395 in
756 2333 823 2395 loco
853 2339 924 2395 tuto
950 2332 989 2395 ab
1016 2331 1177 2415 Episcopo

115 2439 286 2520 designato
315 2437 453 2518 reposita
483 2435 628 2498 habeant.
688 2434 781 2498 Nulli
810 2439 917 2497 autem
950 2434 1113 2497 Sacerdoti
1142 2435 1177 2497 in

114 2540 269 2604 extremis
293 2539 470 2601 constituto
494 2537 760 2600 administrentur
784 2537 989 2599 Sacramenta
1003 2537 1068 2599 nisi
1085 2537 1175 2619 prius

113 2645 346 2704 testamentum
362 2640 542 2716 confecerit,
559 2646 615 2701 aut
631 2640 712 2702 serio
728 2639 881 2702 conficere
896 2639 1071 2722 promittat.

161 2745 236 2812 276.
262 2745 309 2806 Ut
330 2743 407 2806 haec
430 2744 537 2806 omnia
559 2764 639 2826 quae
662 2744 837 2827 respiciunt
860 2745 925 2806 sive
945 2743 1094 2820 Archiva,
1112 2744 1178 2807 sive

114 2847 200 2910 bona
244 2845 457 2909 ecclesiastica
495 2850 670 2922 serventur,
707 2845 745 2908 ab
782 2845 942 2927 Episcopo
982 2845 1177 2909 Secretarius

115 2948 326 3011 dioecesanus
345 2946 564 3010 instituendus
580 2946 716 3010 videtur.

160 3050 224 3116 277
228 3097 236 3112 .
261 3050 302 3112 In
328 3056 470 3112 mentem
497 3049 642 3112 omnium
671 3069 855 3112 revocamus
876 3069 1006 3132 poenas,
1033 3067 1115 3128 quac
1141 3049 1176 3112 in

115 3154 260 3216 Concilio
286 3153 484 3229 Tridentino,
511 3152 597 3215 Sess.
622 3152 675 3227 22,
700 3173 728 3215 c.
745 3153 804 3215 ult.
819 3158 852 3215 et
874 3153 908 3215 in
932 3153 1176 3217 Constitutione

114 3255 319 3336 Apostolicoc
346 3254 439 3319 Sedis
461 3255 673 3317 moderationi
696 3254 748 3316 Pii
778 3254 841 3316 ΡΡ.
866 3255 935 3330 ΙΧ.,
959 3256 994 3317 in
1018 3253 1175 3317 bonorum

114 3360 334 3440 cujuscunque
349 3357 522 3433 Ecclesiae,
540 3363 595 3420 aut
608 3357 654 3439 pii
669 3356 731 3420 loci
745 3363 947 3440 occupatores
962 3357 1043 3419 latae
1060 3361 1144 3418 sunt.
