2572 4410
682 318 723 382 32

223 492 338 555 Postea
353 497 545 573 proponente
569 491 654 554 Effio
674 491 822 554 Praeside
841 491 952 554 Patres
972 491 1132 554 communi
1153 512 1225 554 con·

180 615 276 659 sensu
313 601 494 658 statuerunt
530 593 655 658 duobus
684 595 853 676 Episcopis
890 594 1133 677 coadjutoribus,
1172 596 1227 678 qui

180 697 276 759 etiam
301 697 534 778 Episcoporum
560 696 741 759 absentium
767 697 988 760 Procuratores
1003 702 1102 772 eraut,
1118 718 1226 760 vocem

180 799 349 861 decisivam
365 819 434 861 esse
450 799 690 862 concedendam.
735 799 826 862 Idem
838 800 903 880 jus,
919 818 976 881 per
988 799 1122 880 speciale
1132 799 1226 881 privi-

178 901 309 984 legium,
327 922 510 964 concessum
536 909 585 964 est
608 901 690 964 Rffio
709 900 816 964 Fratri
839 900 993 977 Brimoni,
1017 900 1135 964 Abbati
1158 901 1227 964 Cis-

178 1005 326 1067 terciensi
342 1004 380 1066 dc
395 1003 505 1066 Monte
520 1002 693 1080 Melleario‚
710 1005 766 1087 qui
780 1005 894 1066 unicus
908 1003 1015 1066 Abbas
1027 1002 1179 1067 Mitratus
1189 1004 1223 1066 in

178 1105 334 1169 Hibernia
348 1107 468 1168 existit.

223 1204 307 1270 Tum
322 1207 396 1270 fidei
411 1208 570 1271 Professio
582 1210 675 1290 juxta
689 1209 823 1272 formam
845 1209 897 1271 Pii
910 1209 967 1274 IV.
984 1209 1101 1271 emissa
1116 1215 1166 1273 est
1188 1208 1228 1271 ab

179 1309 326 1375 omnibus
352 1311 408 1392 qui
434 1311 473 1373 ad
499 1323 569 1374 ea'm
592 1312 799 1374 emittendam
825 1333 864 1374 ex
889 1312 1024 1375 Consilii
1049 1308 1229 1374 Tridentini

177 1413 371 1494 praescripto
386 1413 585 1477 tenebantur.

223 1514 467 1579 Postulantibus
498 1517 611 1581 deinde
644 1517 881 1582 Promotoribus
910 1523 948 1580 ut
976 1517 1044 1580 dies
1072 1517 1228 1580 secundae

179 1616 330 1681 sessionis
352 1617 552 1695 indiceretur,
569 1627 601 1684 et
615 1619 725 1684 habita
744 1621 783 1684 de
803 1642 839 1683 ea
858 1640 892 1682 re
912 1619 1069 1683 sententia
1083 1619 1227 1694 Patrum,

118 1786 121 1791 .
179 1719 293 1782 statuit
334 1718 438 1782 Effius
473 1720 604 1785 Praeses
639 1723 809 1785 secundam
843 1722 1017 1786 sessionem
1049 1720 1229 1783 habendam

179 1840 249 1882 esse
274 1821 308 1882 in
334 1821 415 1883 festo
435 1821 621 1887 Natiuitatis
643 1823 683 1888 Β.
700 1823 746 1887 M.
762 1824 801 1888 V.
825 1823 920 1887 Feria
941 1822 997 1887 IV.
1013 1821 1229 1885 hebdomadae

178 1922 321 2004 proxime
332 1925 505 2005 sequentis.
544 1924 583 1988 In
594 1927 656 1989 fine
667 1926 917 1990 benedictionem
935 1926 1108 1990 solemnem
1122 1925 1229 1988 Effrus

179 2024 310 2089 Praeses
325 2025 474 2090 omnibus
488 2027 673 2110 impertivit.

539 2280 855 2288 m·—

352 2457 493 2522 PRIMA
514 2453 829 2520 CONGREGA'PIO
852 2457 1052 2523 PRIVATA.

450 2591 514 2654 Die
531 2592 548 2652 1
565 2591 767 2671 Septembris,
784 2592 884 2654 Faria
898 2593 958 2656 IV.

223 2723 318 2789 Mane
340 2731 551 2788 convenerunt
572 2725 735 2807 Episcopi,
762 2724 841 2788 hora
866 2727 1042 2790 undecima.
1086 2727 1230 2792 Aderant

181 2828 346 2891 Secretarii
361 2833 393 2891 et
410 2825 529 2910 Synodi
549 2829 727 2909 scriptores.
773 2828 960 2892 Postulaute
985 2830 1068 2892 Effio
1093 2835 1126 2892 ct
1145 2827 1229 2892 Rffro

178 2930 327 2994 Praeside
364 2935 545 2994 statuerunt
581 2931 692 2993 Patres
728 2931 851 2994 litteras
882 2931 1060 2994 scribendas
1090 2952 1158 2994 csse
1189 2932 1229 2994 ad

180 3033 317 3095 ssruum
337 3031 379 3096 D.
400 3034 441 3097 N.
463 3034 558 3097 Pium
581 3031 701 3115 Papam
723 3031 794 3107 IX„
818 3034 852 3095 in
876 3033 1020 3116 obsequii
1045 3039 1078 3096 et
1101 3054 1227 3096 venera-

177 3135 276 3198 tionis
303 3137 431 3219 signum
443 3159 452 3214 ;
480 3137 520 3199 ad
543 3137 644 3198 Efims
677 3141 709 3199 et
738 3134 837 3198 Rffros
862 3134 935 3199 DD.
965 3135 1229 3218 Archicpiscopos

178 3235 494 3302 Neo-Eboracensem
509 3245 542 3302 et
561 3237 934 3303 Westmonasteriensem
960 3239 1006 3301 eis
1032 3237 1228 3321 gratulantes

178 3340 217 3404 ob
233 3340 420 3424 dignitatem
437 3337 676 3404 Cardinalitiam
698 3340 777 3422 ipsis
801 3360 902 3422 nuper
922 3340 1079 3416 collatam,
1106 3360 1229 3406 necnon

178 3443 218 3505 ad
239 3443 361 3505 Effium
382 3449 415 3506 et
437 3440 556 3506 Rffium
576 3436 617 3505 D.
632 3441 917 3525 Archicpisoopum
934 3442 1181 3506 Posnaniensem
1197 3448 1230 3505 et

178 3544 375 3609 Gncsensem
390 3545 562 3608 incarcere
587 3552 715 3628 propter
735 3544 899 3609 Ecclesiae
915 3546 989 3627 jura
1014 3545 1136 3607 fortiter
1154 3564 1228 3626 pro·

176 3653 317 3729 pugnata
342 3647 528 3724 detentum
565 3654 660 3732 atque
686 3648 726 3711 ad
752 3647 884 3716 Illffium
910 3653 942 3710 et
971 3647 1090 3710 arsum
1115 3643 1228 3708 Dirum

177 3748 373 3832 Episcopum
389 3750 601 3816 Basiliensem
631 3752 686 3834 qui
715 3771 789 3815 cum
820 3752 888 3816 suis
917 3750 1080 3813 Ecclesiae
1109 3748 1228 3812 Helve-

176 3849 281 3915 tianac
296 3850 464 3917 Fratribus
479 3859 527 3918 tot
542 3860 709 3938 tantasque
725 3852 764 3917 ob
780 3853 876 3918 fidem
898 3852 1084 3919 catholicam
1106 3852 1230 3936 patitur
