2572 4410
584 321 647 385 199

85 494 320 584 praevalebunt
335 494 486 559 adversus
501 513 592 556 eam:
617 498 650 555 et
664 491 723 555 tibi
738 490 820 556 dubo
835 492 938 558 claves
960 496 1053 578 regni
1067 513 1138 558 coe·

87 600 259 664 iorumtet
269 597 491 681 quodcumque
501 596 648 678 ligaveris
658 615 755 677 super
763 600 891 672 torram,
899 596 1140 680 eritligatumet

86 704 127 766 in
136 700 249 765 coelis:
262 706 296 763 et
307 698 529 784 quodcumque
539 696 669 771 solveris
679 718 774 779 super
784 704 912 773 terram,
924 699 984 762 erit
997 699 1140 762 solutum

85 805 126 868 et
140 805 177 866 in
192 799 311 866 coelis.l
354 801 461 884 Atque
475 800 534 862 uni
551 799 675 862 Simoni
689 800 784 863 Petro
798 801 937 863 contulit
958 799 979 864 J
980 818 1055 864 esus
1067 808 1141 883 post

91 927 187 972 suam
199 904 467 968 resurrectionem
489 902 610 965 summi
635 902 772 984 pastoris
795 903 975 966 etrectoria
991 903 1141 986 jurisdic-

87 1011 216 1072 tionem
230 1008 265 1070 iu
277 1008 387 1071 totum
410 1025 506 1068 suum
521 1004 613 1080 ovile,
631 1004 761 1067 dicens:
786 1003 884 1068 Pasce
907 1026 1006 1088 agnos
1026 1026 1138 1070 meos:

89 1112 194 1175 Pasce
210 1129 284 1173 oves
300 1104 415 1172 meus.2
459 1107 546 1170 Huic
560 1113 628 1170 tam
643 1107 831 1170 manifestae
846 1128 1009 1171 sacrarum
1033 1107 1140 1192 Scrip-

90 1219 240 1276 turarum
259 1211 432 1286 doctrinae,
450 1215 487 1273 ut
510 1209 550 1272 ab
572 1208 720 1272 Ecclesia
740 1209 895 1273 catholica
910 1231 1034 1293 semper
1048 1211 1144 1274 intel-

90 1315 178 1379 lecta
198 1319 258 1389 est,
279 1314 390 1396 aperte
406 1317 611 1395 opponuntur
626 1332 739 1394 pravcc
755 1330 866 1374 eorum
882 1314 1070 1388 sententiae,
1088 1314 1143 1397 qni

90 1417 308 1481 constitutam
331 1437 349 1478 a
372 1414 501 1478 Christo
523 1414 664 1477 Domino
686 1414 722 1476 in
738 1433 796 1477 suu
816 1400 962 1478 Ecclesia
976 1416 1143 1497 regiminis

92 1519 232 1583 formam
254 1518 471 1600 pervertentes
491 1523 623 1598 negant,
639 1516 744 1580 solum
767 1517 900 1579 Petrum
921 1518 1144 1600 praecaeteris

96 1619 274 1705 Apostolis,
289 1619 358 1682 sive
382 1639 526 1682 seorsum
549 1619 686 1700 singulis
703 1619 769 1681 sive
791 1620 942 1683 omnibus
958 1619 1055 1682 simul
1069 1638 1143 1683 vero

94 1714 289 1808 proprioque
300 1721 534 1804 jurisdictionis
548 1723 691 1804 primatu
706 1722 805 1785 fuisse
821 1743 839 1784 a
854 1719 984 1786 Christo
1007 1722 1144 1785 instruc-

94 1835 168 1888 tum
182 1848 191 1902 ;
209 1830 264 1887 aut
279 1825 335 1907 qui
350 1821 520 1898 affirmant,
535 1823 672 1887 cundem
687 1824 861 1906 primatum
871 1843 937 1887 non
949 1823 1144 1901 immediate,

96 1929 280 2010 directeqne
296 1927 360 2009 ipsi
374 1924 469 1988 beato
484 1926 591 2001 Petro,
609 1926 665 1989 sed
679 1925 854 2002 Ecclesiae,
872 1926 904 1989 et
926 1926 1081 2008 perhanc
1096 1926 1145 1989 illi

97 2037 135 2093 ut
150 2030 255 2112 ipsius
272 2028 437 2090 Ecclesiae
452 2028 601 2091 ministro
618 2028 759 2091 delatum
774 2029 885 2106 fuisse.

145 2130 270 2215 Siquis
292 2131 392 2211 igitur
416 2129 541 2206 dixerit,
557 2130 689 2193 beatum
711 2131 842 2193 Petrum
864 2129 1059 2212 Apostolum
1080 2151 1146 2194 nou

100 2255 171 2298 esse
187 2255 206 2296 a
221 2232 351 2297 Christo
373 2229 513 2294 Domino
529 2233 743 2295 constitutum
759 2233 987 2315 Apostolorum
1001 2234 1146 2296 omnium

96 2337 279 2418 principem
295 2335 327 2397 ct
341 2334 442 2396 totius
457 2332 622 2397 Ecclesiae
637 2335 809 2397 militantis
824 2334 949 2397 visibile
965 2340 1079 2419 caput;
1097 2335 1147 2398 vel

98 2437 240 2500 eundem
268 2436 401 2498 honoris
426 2435 565 2512 tentum,
588 2456 655 2499 non
689 2438 797 2514 autem
823 2457 913 2499 verae
936 2439 1147 2521 propriaeque

98 2539 332 2624 jurisdictionis
361 2538 537 2619 primatum
567 2536 606 2601 ab
636 2538 747 2601 eodem
768 2536 911 2603 Domino
933 2541 1044 2603 nostro
1068 2541 1147 2604 Jcsu

102 2642 234 2706 Christo
249 2641 368 2703 directe
384 2641 416 2703 et
431 2640 615 2702 immediate
638 2641 795 2723 accepisse
808 2665 817 2719 ;
842 2641 1013 2706 anathema
1029 2644 1081 2707 sit.

524 2874 668 2939 CAPUT
692 2875 737 2938 ΙΙ.

169 3027 213 3071 DE
229 3023 473 3069 PERPETUITATE
496 3022 657 3066 ramanus
671 3023 768 3067 BEATI
789 3024 887 3070 PETRI
901 3027 936 3071 IN
951 3027 1092 3073 ROMANIS

510 3124 745 3169 PONTIFIGIBUS.

146 3251 242 3330 Quod
258 3257 367 3315 antem
381 3251 416 3313 in
431 3250 526 3314 beato
542 3250 697 3332 Apostolo
713 3249 807 3314 Petro
822 3253 969 3336 princeps
984 3259 1150 3336 pastorum

105 3362 138 3420 et
148 3361 263 3438 pastor
277 3373 414 3436 magnus
430 3353 536 3416 ovium
549 3352 708 3415 Dominus
720 3353 869 3416 Christus
885 3353 906 3417 J
906 3376 981 3418 esus
995 3357 1029 3418 in
1040 3376 1149 3440 perpe-

105 3464 198 3521 tuam
221 3457 357 3519 salutem
381 3474 418 3518 ac
440 3473 595 3538 perrennc
617 3453 738 3518 bonum
760 3455 924 3519 Ecclesiae
946 3457 1101 3536 instituit,
1118 3460 1150 3525 id

105 3543 220 3624 eodem
236 3558 363 3622 auctore
378 3558 412 3619 in
434 3555 592 3630 Ecclesia,
610 3576 691 3641 quae
706 3558 839 3620 lundata
855 3577 950 3640 super
964 3561 1088 3642 petram
1111 3563 1151 3627 cd

107 3663 206 3725 finem
218 3661 417 3724 saeculorum
426 3679 527 3741 usque
539 3658 631 3720 firma
643 3660 752 3735 stabit,
764 3658 888 3740 jugiter
900 3660 1011 3725 durare
1023 3682 1152 3727 necesse

107 3769 168 3829 est.
211 3761 305 3827 'Nulli
321 3782 397 3826 sanc
412 3760 557 3835 dubium,
574 3761 639 3824 imo
656 3763 791 3825 saeculis
803 3762 952 3826 omnibus
963 3767 1079 3831 uotum
1086 3773 1151 3842 est,

335 3890 447 3940 'natm
459 3891 510 3940 xvi.
522 3893 602 3945 lc·19.
633 3940 639 3954 ,
699 3895 790 3946 ¹Jonn.
799 3894 851 3944 xxi.
861 3895 943 3946 15-17.
