2572 4410
603 325 668 388 214

155 501 208 565 38.
230 497 388 563 Divisioni
401 495 564 561 Ecclesiae
578 497 613 560 in
628 496 814 560 orientalem
830 502 924 580 atque
939 496 1170 562 occidentalem

112 603 212 667 nimia
225 601 444 666 Romanorum
459 598 652 664 Pontificum
667 598 797 662 arbitria
812 599 1027 663 contulerunt.

131 729 135 735 ·
154 702 233 769 Iitt
248 704 361 788 Apost.
375 703 430 767 Ad
443 703 653 784 Apostolicce,
670 703 712 765 22
726 697 866 786 Augusti
885 702 977 765 1851.

589 970 688 1069 §VL

114 1174 263 1220 monus
285 1175 328 1219 DE
352 1174 527 1219 soomafflt
551 1172 650 1217 cmm
672 1173 741 1218 TUM
762 1173 798 1217 m
821 1172 869 1230 SE,
886 1172 956 1216 TUM
975 1172 1012 1218 m
1035 1172 1108 1219 stus
1123 1173 1170 1218 11>

320 1276 502 1321 EGOLESIAM
523 1276 761 1321 RELATIONIBUS
784 1275 956 1320 SPEOTATA.

157 1426 211 1490 39.
234 1422 438 1508 Reipublicae
454 1426 569 1500 status,
592 1428 704 1507 utpote
726 1423 869 1487 omnium
881 1423 1004 1506 jurium
1021 1425 1111 1507 origo
1135 1431 1170 1489 et

113 1528 196 1602 fons,
209 1527 282 1609 jure
297 1527 434 1610 quodam
448 1527 548 1610 pollet
561 1525 660 1589 nullis
675 1523 913 1610 circumscripto
928 1525 1097 1590 limitibus.

156 1627 258 1692 Alloc.
274 1629 423 1692 Maxime
437 1627 572 1710 quidem,
590 1630 610 1692 9
626 1627 718 1692 lunii
734 1628 831 1693 1862.

155 1730 211 1794 40.
243 1730 426 1794 Catholicae
455 1731 618 1794 Ecclesiae
642 1730 785 1794 doctrina
814 1728 974 1794 hnmanae
1004 1730 1169 1796 societatis

112 1830 196 1897 bono
211 1834 243 1897 et
259 1834 435 1897 commodis
451 1833 644 1896 adversatur.

155 1935 264 2019 Epist.
280 1935 412 2018 Encycl.
430 1935 493 2013 Qui
503 1935 662 2016 pluribus,
680 1937 700 2000 9
715 1933 915 2011 Novembris,
938 1935 1033 1999 1846.

156 2035 258 2101 Alloc.
277 2039 396 2116 Qalbaa
411 2038 607 2120 paucasque,
625 2039 667 2101 20
682 2037 803 2121 Aprilis
819 2039 915 2103 1849.

156 2139 211 2202 41.
236 2138 330 2205 Civili
351 2141 513 2224 potestati,
535 2140 584 2203 vel
606 2139 645 2203 ab
660 2139 784 2203 infideli
800 2140 976 2223 imperante
999 2141 1168 2217 exercitae,

114 2243 266 2325 competit
280 2245 422 2325 potestas
445 2243 600 2306 indirecta
620 2243 765 2324 negativa
788 2243 823 2305 in
846 2263 952 2319 sacra3
976 2243 1079 2306 eidem
1094 2265 1169 2326 pro·

38 2360 41 2366 ·
113 2343 188 2406 inde
203 2346 355 2427 competit
370 2346 489 2409 nedum
500 2347 556 2429 jus
571 2345 655 2429 quod
670 2351 783 2408 vocant
791 2345 990 2426 Eccqcclcr,
1002 2345 1057 2409 sed
1069 2346 1170 2409 etiam

110 2446 166 2528 jus
181 2447 413 2526 appellationis,
430 2470 525 2532 qnam
541 2452 737 2530 nuncupant,
754 2447 792 2509 ab
807 2447 918 2510 clara.

156 2545 239 2610 Litt.
255 2547 368 2631 Apost.
383 2550 437 2612 Acl
451 2550 660 2631 Apostolicce,
678 2549 719 2610 22
734 2547 874 2631 Augusti
890 2551 986 2613 1851.

157 2649 272 2712 4211]
298 2651 447 2715 conflictu
472 2653 580 2735 legum
606 2652 773 2734 utriusque
793 2652 972 2734 potestatis,
995 2652 1051 2734 jus
1076 2651 1170 2715 civile

115 2751 284 2834 praevalet.

159 2849 240 2917 Litt.
257 2853 372 2936 Apost.
387 2855 443 2918 Aci
456 2855 669 2938 Apostolicoc,
688 2857 729 2918 22
744 2854 886 2939 Augusti
902 2857 998 2920 1851.

152 2956 210 3020 43.
233 2955 330 3020 Laica
344 2964 485 3041 potestas
501 2960 721 3024 auctoritatem
733 2957 830 3021 habet
840 2958 1051 3034 rescindendi,
1065 2957 1169 3022 ‹leola-

115 3058 207 3122 randi
222 3080 258 3122 ac
272 3060 408 3124 faciendi
422 3062 530 3125 irritas
546 3061 705 3126 solemnes
721 3061 946 3124 conventiones
964 3061 1071 3144 (vulgo
1085 3061 1169 3124 Goa-

116 3162 260 3241 cordata)
278 3183 374 3246 super
389 3185 451 3227 usu
462 3165 584 3247 jurium
608 3164 648 3227 ad
663 3164 909 3228 ecclesiasticam
924 3163 1166 3226 immunitatcm

115 3264 346 3347 pertinentium
362 3287 435 3329 cum
452 3264 533 3332 Sede
548 3266 736 3350 Apostolica
759 3267 867 3342 initas,
890 3266 960 3330 sine
974 3264 1074 3348 hujus
1094 3283 1170 3328 con·

117 3385 226 3443 sensu,
242 3368 344 3432 immo
359 3374 392 3431 et
406 3390 443 3432 ea
457 3369 658 3433 reclamante.

159 3467 259 3533 Alloc.
281 3471 575 3547 IaOoaclctoricli,
594 3473 611 3534 1
629 3466 815 3535 Novembris
832 3471 928 3534 1850.

158 3566 261 3635 Alloc.
277 3572 394 3636 Mallia
407 3574 625 3655 precibusque,
644 3576 684 3641 17
701 3572 887 3636 Decembris
904 3573 1000 3637 1860.

159 3673 212 3736 44.
236 3672 348 3739 civilis
378 3677 551 3740 auctoritas
580 3682 686 3759 potest
716 3697 750 3741 se
778 3672 958 3738 immiscere
978 3673 1073 3738 rebus
1089 3694 1170 3756 quae

119 3775 158 3838 ad
179 3773 388 3858 religionem,
423 3798 528 3842 mores
559 3780 591 3843 et
621 3779 765 3862 regimen
800 3777 966 3860 spirituale
995 3777 1169 3860 pertinent.

118 3875 205 3942 Hinc
230 3885 336 3962 potest
361 3879 400 3944 de
425 3880 690 3946 instructionibus
719 3880 872 3964 judicare,
903 3901 983 3964 quas
1006 3878 1170 3943 Ecclesiae
