2572 4410
450 757 773 858 APPENDIX
826 757 866 841 Ι.

553 921 687 991 [Ad-ae·
701 921 756 991 a]

120 1303 350 1389 EPISTOLA
373 1326 406 1388 S.
430 1321 560 1390 OONG.
583 1324 644 1386 DE
668 1323 963 1390 PROPAGANDA
985 1325 1092 1390 FIDE
1117 1327 1177 1392 DE

219 1427 392 1493 LINGUA
413 1426 580 1491 LATINA
601 1427 870 1492 ADHIBENDA
898 1429 946 1492 IN
968 1427 1179 1498 LITTERIS

219 1531 279 1595 AD
304 1532 457 1595 SEDEM
479 1530 788 1612 APOSTOLIOAM
811 1529 1069 1596 MlTTENDIS.

111 1679 386 1774 qusrmssrrrn
402 1727 440 1771 ac
456 1709 749 1772 annanrnrssrrrn
772 1709 917 1787 Douma,

220 1828 298 1892 Fuit
320 1831 355 1892 in
385 1849 473 1891 more
496 1828 638 1911 positum
654 1829 789 1892 saeculis
804 1831 967 1906 anteactis,
984 1832 1090 1913 utqui
1106 1851 1179 1893 curn

128 1922 317 2014 Apostolica
333 1932 414 1995 Sede
436 1932 669 1994 communicare
692 1931 842 1995 deberent
857 1933 900 1996 ad.
911 1933 1039 2015 negotia
1054 1933 1179 1996 ecclesi-

135 2035 233 2098 astica
250 2035 404 2117 (exceptis
418 2034 486 2097 illis
501 2055 582 2116 quae
597 2034 637 2096 ad
659 2035 742 2098 ritus
765 2035 934 2098 orientales
963 2034 1176 2118 pertinebant)

135 2138 361 2219 pertractanda,
378 2136 428 2199 vel
443 2136 482 2200 ad
503 2137 622 2219 gratiae
647 2121 866 2220 postulandas,
893 2138 918 2200 ii
943 2138 1045 2200 latina
1069 2137 1181 2220 lingua
1267 2144 1269 2149 '

136 2246 189 2303 aut
214 2241 328 2304 saltem
357 2240 464 2303 italica
501 2246 675 2303 uterentur.
732 2239 799 2303 Nec
829 2261 905 2303 sane
926 2239 1082 2324 ejusmodi
1108 2260 1179 2302 moe

135 2342 281 2426 gravibus
311 2342 544 2406 destituebatur
572 2343 733 2406 rationum
764 2344 946 2418 momentis,
986 2363 1059 2405 cum
1095 2343 1179 2405 inter

134 2452 255 2509 caetera
278 2447 363 2529 exigi
392 2446 578 2508 nullatenus
606 2452 715 2528 posset
740 2451 777 2508 ut
805 2447 840 2509 in
870 2452 961 2509 tanta
994 2445 1177 2528 linguarum

133 2549 285 2612 varietate
317 2549 498 2611 administri
524 2555 580 2611 aut
604 2547 753 2610 officiales
769 2548 903 2612 Sanctae
919 2549 1020 2626 Sedis,
1038 2569 1117 2631 quae
1140 2547 1178 2610 ab

132 2650 283 2714 omnibus
298 2657 454 2714 terrarum
470 2650 556 2713 orbis
584 2650 770 2714 nationibus
799 2651 908 2715 literas
931 2658 987 2715 aut
1008 2652 1179 2735 petitiones

132 2754 260 2836 excipit,
274 2755 418 2817 omnium
432 2753 560 2834 linguas
585 2753 727 2835 legerent
751 2760 846 2836 atque
868 2754 1095 2838 intelligerent.
1134 2751 1178 2816 At

130 2877 205 2919 vero
224 2856 390 2919 nonnullis
413 2856 528 2918 abhinc
543 2857 638 2919 annis
666 2877 745 2919 usus
768 2848 905 2920 invaluit
927 2863 965 2920 ut
986 2857 1026 2919 ad
1052 2857 1179 2918 Sacram

130 2958 216 3021 hanc
245 2958 530 3042 Congregationem
545 2959 636 3022 Fidei
658 2959 893 3042 Propagandae‚
917 2960 1038 3042 passim
1063 2959 1179 3041 scripta

130 3082 198 3124 non
224 3061 328 3124 solum
352 3061 466 3144 gallica
491 3061 602 3144 lingua
629 3063 725 3144 (quod
754 3062 976 3125 difficultatem
998 3062 1050 3124 vix
1076 3061 1176 3123 ullam

132 3164 273 3240 facessit)
303 3164 361 3227 sed
381 3163 515 3246 anglica,
540 3165 731 3246 germanica,
756 3164 937 3228 hollandica
966 3165 1100 3246 aliisque
1126 3184 1181 3226 ex·

135 3272 223 3329 arata
238 3266 360 3348 linguis
382 3267 644 3330 transmittantur
656 3288 665 3345 ;
690 3287 728 3330 ex
743 3288 805 3350 quo
833 3288 897 3330 non
927 3287 997 3330 raro
1023 3266 1180 3348 contingit

135 3375 172 3431 ut
186 3369 389 3451 negotiorum
419 3390 579 3432 sacrorum
595 3370 753 3452 expeditio
783 3391 847 3433 non
873 3389 987 3453 parum
1016 3367 1181 3431 dilationis

134 3472 284 3553 patiatur.
330 3472 417 3548 Quae
443 3493 517 3535 cum
542 3473 589 3535 ita
616 3473 692 3547 sint,
710 3492 785 3535 sane
800 3493 865 3535 non
880 3492 1011 3554 possum
1027 3471 1104 3553 quin
1125 3471 1178 3533 Ill.

134 3573 356 3636 Dominationi
386 3573 473 3637 Tuae
501 3574 720 3637 commendem
750 3574 847 3637 etiam
876 3581 971 3657 atque
1001 3573 1108 3649 etiam,
1140 3579 1177 3636 ut

134 3676 253 3739 nedum
279 3676 380 3752 laicis,
398 3677 453 3740 sed
476 3677 663 3760 praesertim
688 3677 910 3740 ecclesiasticis
924 3677 1002 3741 viris
1023 3675 1084 3739 tibi
1108 3675 1182 3738 sub·

130 3779 225 3861 jectis
240 3778 398 3842 inculcare
413 3800 453 3842 ne
468 3779 713 3863 praetermittas,
730 3785 766 3842 ut
782 3769 907 3862 quoties
922 3780 961 3842 ad
979 3779 1110 3844 Sacrum
1122 3778 1182 3842 hoc

134 3881 304 3945 consilium
320 3882 440 3959 literas,
456 3882 629 3966 petitiones
640 3888 696 3945 aut
711 3883 808 3944 etiam
824 3888 893 3945 acta
907 3882 948 3946 ad
962 3902 1073 3947 causas
1083 3881 1178 3945 eccle·
