2572 4410
669 303 732 368 114

168 499 296 543 cessum
321 477 470 544 solvenda
491 499 510 542 a
531 476 659 563 populo,
686 475 752 540 uisi
778 494 915 560 aequum
941 473 1034 537 aliter
1061 470 1224 537 ordinario

168 582 274 646 visum
288 582 395 647 fuerit.
782 586 787 595 '
969 640 972 645 .

212 685 289 747 214.
307 684 450 768 Singulis
460 682 557 747 etiam
567 680 777 747 hebdomadis
788 681 920 745 vicanos
931 679 1016 763 apud
1028 684 1223 744 seconvocet

168 785 341 864 Parochus‚
383 807 499 870 eosque
535 784 575 850 de
612 790 699 848 statu
734 784 895 868 paroeciae
922 783 1097 864 interroget
1125 787 1223 865 atque

167 890 307 954 instruat
336 889 376 954 de
404 889 499 954 rebus
521 909 600 971 quae
629 910 687 972 per
714 889 892 972 proximam
917 884 1162 962 hebdomadam,
1186 891 1223 950 et

167 994 355 1077 praesertim
371 992 423 1057 die
436 990 617 1068 Dominica,
633 994 756 1074 agenda
769 994 847 1055 sint.

211 1095 287 1158 215.
304 1094 370 1159 Ubi
379 1095 487 1179 plures
499 1095 564 1158 sint
575 1095 761 1179 inparoecia
768 1093 946 1157 sacerdotes
956 1097 1045 1156 curet
1056 1090 1223 1164 Parochus

167 1202 205 1260 ut
219 1198 363 1281 paroecia
384 1197 418 1259 in
440 1197 549 1281 plures
570 1202 678 1281 partes
701 1197 813 1274 divisa,
837 1196 1011 1279 unicuique
1032 1195 1116 1278 parti
1132 1215 1222 1259 unus

167 1319 208 1363 ex
222 1299 351 1362 illorum
363 1321 496 1363 numero
511 1299 722 1383 praeficiatur,
740 1299 792 1363 cui
806 1319 881 1382 prae
896 1297 1029 1361 caeteris
1051 1298 1222 1361 incumbat

166 1421 242 1463 cura
257 1400 360 1463 eidem
374 1401 569 1486 invigilandi
613 1401 822 1464 Meminerint
832 1421 905 1465 vero
917 1407 988 1464 tum
996 1399 1132 1463 Parochi
1146 1405 1222 1464 tum

166 1503 285 1567 Vicarii
307 1526 429 1582 omnes,
455 1505 598 1589 singulos
620 1506 655 1568 in
678 1505 816 1569 solidum
838 1506 953 1583 teneri,
976 1511 1071 1588 prout
1093 1505 1220 1570 occasio

166 1608 284 1692 exigat,
302 1608 464 1674 adomnia
486 1610 587 1674 officia
609 1631 701 1674 curae
722 1611 891 1694 pastoralis
912 1611 948 1673 in
970 1611 1116 1694 paroecia
1130 1631 1220 1675 exer-

165 1712 276 1776 aenda.

209 1814 281 1877 216.
306 1814 465 1878 Omnibus
477 1813 693 1879 sacerdotibus
702 1821 769 1878 tam
775 1815 995 1881 'saecularibus
1011 1837 1107 1900 quam
1122 1836 1219 1900 regu-

165 1915 285 1980 laribus
299 1918 354 2000 qui
369 1918 402 1980 in
415 1918 593 1982 ministerio
609 1919 789 1981 animarum
811 1923 987 1995 versantur,
1011 1919 1221 2002 injungimus

164 2025 201 2084 ut
216 2021 304 2085 omni
320 2042 382 2104 quo
397 2020 519 2104 pollent
533 2021 600 2085 zelo
616 2021 801 2085 saltationes
816 2021 971 2104 quasdam
988 2021 1219 2104 (fast-doaccc)

164 2131 307 2188 recenter
321 2127 355 2187 in
369 2124 453 2188 banc
462 2125 625 2208 regionem
633 2126 781 2189 inductas
793 2125 1006 2190 etmodestiae
1016 2126 1221 2192 Christianae

164 2226 258 2308 plane
288 2232 503 2309 repugnantes
532 2248 589 2310 pro
625 2226 746 2291 viribus
782 2227 969 2311 impediant.
1028 2229 1074 2291 Et
1114 2230 1220 2294 sciant

165 2327 361 2392 confessarii
376 2349 410 2391 se
426 2350 483 2392 suo
499 2329 626 2392 muneri
641 2350 706 2393 non
730 2329 909 2392 satisfacere
925 2331 953 2392 si
968 2330 1034 2394 ullo
1049 2331 1145 2396 modo
1160 2337 1219 2396 aut

164 2429 225 2494 sub
237 2431 303 2496 ullo
318 2438 484 2515 praetextu
499 2453 553 2496 eas
567 2434 755 2516 permittant
769 2439 825 2496 aut
840 2440 1002 2499 excusent.

629 3025 738 3089 XXII.

405 3210 448 3253 DE
464 3208 722 3258 connubiale-[eus
737 3214 963 3264 PAROGHORUM.

201 3373 277 3441 217.
300 3374 450 3439 Parochis
464 3376 499 3438 in
510 3375 666 3440 Hibernia
681 3377 798 3443 dantur
810 3380 1015 3466 coadjutores
1027 3404 1084 3448 seu
1094 3385 1216 3451 Vicarii

160 3472 199 3536 ob
215 3475 460 3557 amplitudinem
475 3479 690 3559 paroeciarum
706 3485 738 3543 et
752 3482 995 3546 multitudinem
1004 3487 1125 3570 populi.
1165 3490 1214 3554 Hi

157 3573 365 3656 Coadjutores
394 3578 521 3658 praevio
550 3576 735 3645 idoneitatis
767 3580 913 3648 examine
951 3586 1134 3671 seliguntur
1172 3592 1214 3656 ab

156 3676 327 3762 Episcopo,
341 3686 372 3743 et
382 3680 541 3744 abeodem
553 3681 591 3744 de
602 3685 788 3765 paroeciam
803 3689 981 3770 paroeciam
996 3699 1212 3760 removentur.

199 3780 274 3843 218.
298 3782 421 3846 Eorum
431 3785 506 3868 jura
521 3791 554 3848 et
567 3806 701 3850 munera
716 3787 839 3852 definiri
854 3791 972 3857 debent
986 3794 1025 3859 ab
1039 3796 1215 3884 Episcopis

155 3880 189 3944 in
207 3883 344 3965 Synodis
358 3887 575 3954 Dioecesanis.
